5180.00	4.54509e-18
5181.00	2.61063e-18
5182.00	7.12109e-19
5183.00	-4.75818e-19
5184.00	-3.42987e-19
5185.00	1.80838e-18
5186.00	1.813e-18
5187.00	1.42476e-18
5188.00	1.27142e-18
5189.00	1.88986e-18
5190.00	2.71545e-20
5191.00	-7.29728e-19
5192.00	1.43241e-18
5193.00	3.83758e-18
5194.00	3.91025e-18
5195.00	2.19268e-18
5196.00	-2.16665e-19
5197.00	-9.00663e-19
5198.00	8.13623e-20
5199.00	1.57273e-18
5200.00	1.10252e-18
5201.00	1.39517e-18
5202.00	1.13255e-18
5203.00	1.96874e-19
5204.00	-2.13231e-20
5205.00	1.37432e-18
5206.00	2.51533e-18
5207.00	1.94675e-18
5208.00	1.45684e-18
5209.00	5.67993e-19
5210.00	1.26151e-20
5211.00	9.0268e-19
5212.00	2.63516e-18
5213.00	2.90759e-18
5214.00	1.64449e-18
5215.00	7.97511e-19
5216.00	1.42725e-18
5217.00	2.38091e-18
5218.00	2.82065e-18
5219.00	2.20037e-18
5220.00	1.88295e-18
5221.00	2.04012e-18
5222.00	2.59945e-18
5223.00	1.07586e-18
5224.00	2.16057e-19
5225.00	3.79903e-19
5226.00	1.16366e-18
5227.00	2.98565e-20
5228.00	-7.59854e-19
5229.00	-4.11437e-19
5230.00	2.4808e-19
5231.00	1.54385e-18
5232.00	2.36977e-18
5233.00	1.85535e-18
5234.00	3.65467e-19
5235.00	-9.82716e-20
5236.00	1.31504e-19
5237.00	6.24654e-20
5238.00	-3.00241e-19
5239.00	5.37361e-19
5240.00	1.94477e-18
5241.00	8.1529e-19
5242.00	3.85707e-19
5243.00	3.20276e-19
5244.00	4.82632e-19
5245.00	9.68181e-19
5246.00	8.82162e-19
5247.00	6.51216e-19
5248.00	7.90582e-19
5249.00	5.1103e-19
5250.00	6.1663e-19
5251.00	9.80256e-19
5252.00	1.06728e-18
5253.00	3.94637e-19
5254.00	2.18028e-19
5255.00	7.93641e-19
5256.00	1.0451e-18
5257.00	7.01681e-19
5258.00	5.00547e-19
5259.00	9.99148e-19
5260.00	2.05142e-18
5261.00	8.54223e-19
5262.00	-8.66756e-19
5263.00	-1.0196e-19
5264.00	1.18962e-18
5265.00	2.10087e-18
5266.00	2.30523e-18
5267.00	1.91398e-18
5268.00	1.89718e-18
5269.00	1.86046e-18
5270.00	1.65641e-18
5271.00	1.47078e-18
5272.00	2.62169e-18
5273.00	3.26524e-18
5274.00	1.53874e-18
5275.00	5.09249e-19
5276.00	-2.56701e-20
5277.00	-1.41149e-19
5278.00	3.53642e-21
5279.00	-1.00572e-19
5280.00	-2.00834e-19
5281.00	-1.62077e-19
5282.00	7.94328e-20
5283.00	1.0402e-18
5284.00	1.77774e-18
5285.00	1.58388e-18
5286.00	7.29e-19
5287.00	9.47954e-19
5288.00	1.78266e-18
5289.00	2.23519e-18
5290.00	1.94919e-18
5291.00	1.46562e-18
5292.00	1.30562e-18
5293.00	2.56332e-18
5294.00	1.73172e-18
5295.00	7.6623e-19
5296.00	7.07157e-19
5297.00	1.22606e-18
5298.00	2.32596e-18
5299.00	2.53646e-18
5300.00	6.01558e-19
5301.00	2.36939e-20
5302.00	-8.95174e-20
5303.00	2.89132e-19
5304.00	1.53211e-18
5305.00	1.95038e-18
5306.00	1.85526e-18
5307.00	1.45078e-18
5308.00	1.1665e-18
5309.00	6.70762e-19
5310.00	5.99948e-19
5311.00	1.24263e-18
5312.00	1.00588e-18
5313.00	1.24482e-18
5314.00	1.35113e-18
5315.00	3.039e-19
5316.00	9.43281e-19
5317.00	6.95044e-19
5318.00	-1.6434e-19
5319.00	1.09906e-18
5320.00	2.76648e-19
5321.00	-4.94265e-19
5322.00	-2.11069e-19
5323.00	5.89082e-19
5324.00	5.56678e-19
5325.00	6.7184e-21
5326.00	-5.71428e-19
5327.00	-4.04548e-19
5328.00	1.45251e-19
5329.00	9.38138e-19
5330.00	1.92185e-18
5331.00	2.20693e-18
5332.00	1.60126e-18
5333.00	4.96294e-19
5334.00	3.06024e-19
5335.00	1.49685e-18
5336.00	1.68664e-18
5337.00	1.87643e-18
5338.00	2.06621e-18
5339.00	2.06621e-18
5340.00	8.35353e-19
5341.00	1.73893e-18
5342.00	1.63885e-18
5343.00	1.22592e-18
5344.00	7.84931e-19
5345.00	7.06539e-19
5346.00	4.59749e-19
5347.00	2.96611e-19
5348.00	3.20038e-19
5349.00	4.92844e-19
5350.00	1.11875e-19
5351.00	-2.60833e-19
5352.00	1.784e-20
5353.00	1.81797e-18
5354.00	2.32394e-18
5355.00	1.50515e-18
5356.00	2.51845e-19
5357.00	3.29414e-19
5358.00	5.97725e-19
5359.00	6.75964e-19
5360.00	7.35981e-19
5361.00	4.21649e-19
5362.00	5.11433e-19
5363.00	1.30639e-18
5364.00	1.0325e-18
5365.00	3.90059e-20
5366.00	-7.59361e-19
5367.00	-2.74899e-19
5368.00	1.6074e-18
5369.00	2.51958e-18
5370.00	1.92387e-18
5371.00	-5.51526e-20
5372.00	7.03853e-19
5373.00	1.33849e-18
5374.00	7.78091e-19
5375.00	6.32472e-19
5376.00	1.3605e-18
5377.00	1.93711e-18
5378.00	1.41628e-18
5379.00	5.29395e-19
5380.00	2.71785e-19
5381.00	2.81772e-19
5382.00	-4.69592e-19
5383.00	-4.89205e-19
5384.00	2.17433e-19
5385.00	1.23276e-18
5386.00	1.16238e-18
5387.00	1.24107e-18
5388.00	1.05585e-18
5389.00	4.0733e-19
5390.00	-2.73965e-19
5391.00	-1.59904e-20
5392.00	7.40725e-19
5393.00	1.27679e-18
5394.00	6.18897e-19
5395.00	-6.74301e-20
5396.00	-2.11499e-19
5397.00	9.02179e-19
5398.00	4.90322e-19
5399.00	4.36514e-20
5400.00	2.10336e-19
5401.00	8.62541e-19
5402.00	2.98143e-19
5403.00	-1.43652e-19
5404.00	6.79905e-19
5405.00	5.27781e-19
5406.00	4.85944e-19
5407.00	4.70473e-19
5408.00	1.05228e-20
5409.00	4.95317e-19
5410.00	1.34833e-18
5411.00	1.87322e-18
5412.00	3.2545e-19
5413.00	9.09483e-19
5414.00	1.75165e-18
5415.00	1.62533e-18
5416.00	8.684e-19
5417.00	1.15124e-18
5418.00	1.69726e-18
5419.00	1.35222e-18
5420.00	1.02257e-18
5421.00	3.68317e-19
5422.00	-1.79293e-19
5423.00	5.54747e-19
5424.00	6.15388e-19
5425.00	2.58692e-19
5426.00	-2.22032e-19
5427.00	1.27924e-19
5428.00	3.73748e-19
5429.00	6.49898e-19
5430.00	1.0304e-18
5431.00	5.92937e-19
5432.00	1.20599e-19
5433.00	1.16199e-19
5434.00	1.19275e-18
5435.00	9.5537e-19
5436.00	9.42297e-19
5437.00	1.10925e-18
5438.00	-4.27614e-19
5439.00	1.64991e-20
5440.00	1.22069e-18
5441.00	2.0433e-18
5442.00	3.96593e-19
5443.00	-9.321e-20
5444.00	5.19043e-19
5445.00	1.62606e-18
5446.00	1.52958e-18
5447.00	1.22283e-18
5448.00	1.06284e-18
5449.00	1.35182e-18
5450.00	1.15692e-18
5451.00	1.06564e-18
5452.00	1.1995e-18
5453.00	1.01989e-18
5454.00	4.9726e-19
5455.00	4.9663e-19
5456.00	1.51343e-18
5457.00	7.90064e-19
5458.00	4.27528e-19
5459.00	4.93601e-19
5460.00	5.65887e-19
5461.00	2.53259e-19
5462.00	1.24544e-19
5463.00	2.08808e-19
5464.00	9.19992e-21
5465.00	-1.89402e-19
5466.00	8.76838e-20
5467.00	9.0435e-19
5468.00	7.94307e-19
5469.00	8.2163e-19
5470.00	7.82482e-19
5471.00	3.47311e-19
5472.00	-1.85956e-19
5473.00	-3.41662e-19
5474.00	-1.57866e-19
5475.00	6.6949e-22
5476.00	2.61529e-19
5477.00	7.84881e-19
5478.00	1.34078e-18
5479.00	6.86516e-19
5480.00	5.12817e-19
5481.00	7.03397e-19
5482.00	1.05077e-18
5483.00	1.07129e-18
5484.00	1.18496e-18
5485.00	1.2781e-18
5486.00	1.08876e-18
5487.00	7.56496e-19
5488.00	2.7893e-19
5489.00	-1.75607e-19
5490.00	-1.9135e-19
5491.00	-1.50373e-19
5492.00	3.28949e-19
5493.00	1.25884e-18
5494.00	1.54251e-18
5495.00	8.88828e-19
5496.00	2.83773e-19
5497.00	8.02343e-19
5498.00	1.16384e-18
5499.00	1.3912e-18
5500.00	1.60835e-18
5501.00	2.27628e-18
5502.00	1.41827e-18
5503.00	3.49396e-19
5504.00	-1.87668e-19
5505.00	4.7649e-19
5506.00	6.03748e-19
5507.00	3.20328e-19
5508.00	-1.23674e-19
5509.00	6.48903e-20
5510.00	4.54234e-19
5511.00	7.8118e-19
5512.00	7.42693e-19
5513.00	1.84775e-18
5514.00	2.26131e-18
5515.00	1.64418e-18
5516.00	6.35325e-19
5517.00	2.24168e-19
5518.00	-1.83751e-20
5519.00	-1.85486e-19
5520.00	6.50891e-19
5521.00	9.82324e-19
5522.00	6.63485e-19
5523.00	-2.01721e-19
5524.00	4.81287e-19
5525.00	8.26098e-19
5526.00	4.76474e-19
5527.00	-5.63648e-19
5528.00	-1.02474e-19
5529.00	2.31807e-19
5530.00	-4.00699e-20
5531.00	-2.24364e-19
5532.00	2.75334e-19
5533.00	5.29105e-19
5534.00	-8.44965e-20
5535.00	-2.73889e-19
5536.00	-4.52825e-20
5537.00	2.42685e-19
5538.00	4.92328e-20
5539.00	9.07629e-19
5540.00	1.32509e-18
5541.00	1.16622e-18
5542.00	1.39264e-18
5543.00	8.95338e-19
5544.00	2.84276e-19
5545.00	3.30528e-20
5546.00	8.5392e-19
5547.00	4.88749e-19
5548.00	-1.4034e-19
5549.00	1.18905e-19
5550.00	7.11598e-19
5551.00	9.82877e-19
5552.00	8.83286e-19
5553.00	5.84691e-19
5554.00	1.12689e-18
5555.00	1.23862e-18
5556.00	7.0337e-19
5557.00	6.19495e-19
5558.00	1.02456e-18
5559.00	1.44834e-18
5560.00	1.50742e-18
5561.00	1.25252e-18
5562.00	7.64018e-19
5563.00	4.18262e-19
5564.00	6.98715e-19
5565.00	4.22097e-19
5566.00	9.28569e-20
5567.00	-7.36479e-20
5568.00	4.59526e-20
5569.00	8.94879e-19
5570.00	1.5005e-18
5571.00	1.49485e-18
5572.00	2.0425e-18
5573.00	2.04454e-18
5574.00	1.49262e-18
5575.00	5.16249e-19
5576.00	-3.94675e-19
5577.00	2.55005e-19
5578.00	1.54079e-18
5579.00	1.11977e-18
5580.00	6.06162e-19
5581.00	1.04985e-18
5582.00	2.27672e-18
5583.00	1.87685e-18
5584.00	1.69614e-18
5585.00	1.41647e-18
5586.00	9.18367e-19
5587.00	1.34655e-18
5588.00	1.28861e-18
5589.00	9.98903e-19
5590.00	1.07941e-18
5591.00	1.53605e-18
5592.00	1.79453e-18
5593.00	1.74156e-18
5594.00	1.53587e-18
5595.00	1.64477e-18
5596.00	1.44708e-18
5597.00	7.48215e-19
5598.00	1.99606e-19
5599.00	2.52684e-19
5600.00	7.22168e-19
5601.00	1.31854e-18
5602.00	1.23305e-18
5603.00	1.12588e-18
5604.00	9.19365e-19
5605.00	1.37321e-19
5606.00	6.27709e-19
5607.00	1.11967e-18
5608.00	1.30265e-18
5609.00	1.83185e-18
5610.00	2.19488e-18
5611.00	2.04118e-18
5612.00	1.20655e-18
5613.00	2.65972e-19
5614.00	8.02849e-20
5615.00	2.15922e-19
5616.00	-5.81592e-20
5617.00	1.10573e-18
5618.00	2.01324e-18
5619.00	2.15772e-18
5620.00	1.47268e-18
5621.00	1.02873e-18
5622.00	1.13005e-18
5623.00	1.67668e-18
5624.00	1.27544e-18
5625.00	6.2846e-19
5626.00	1.8172e-19
5627.00	2.77904e-19
5628.00	9.37296e-20
5629.00	4.34965e-19
5630.00	1.16803e-18
5631.00	1.83936e-18
5632.00	1.89257e-18
5633.00	1.95696e-18
5634.00	2.0141e-18
5635.00	1.14041e-18
5636.00	6.87826e-19
5637.00	4.9717e-19
5638.00	4.98531e-19
5639.00	1.11695e-18
5640.00	1.42651e-18
5641.00	1.14691e-18
5642.00	1.19409e-19
5643.00	2.53861e-21
5644.00	5.06772e-19
5645.00	1.15071e-18
5646.00	9.99742e-19
5647.00	1.84679e-19
5648.00	8.49146e-20
5649.00	1.02152e-18
5650.00	1.03013e-18
5651.00	4.02573e-19
5652.00	-1.54839e-19
5653.00	7.73003e-21
5654.00	6.91001e-19
5655.00	8.10438e-19
5656.00	4.29585e-19
5657.00	2.14981e-21
5658.00	5.69112e-19
5659.00	8.158e-19
5660.00	6.63119e-19
5661.00	1.56316e-18
5662.00	1.60535e-18
5663.00	1.33703e-18
5664.00	1.22018e-18
5665.00	1.69928e-18
5666.00	1.88493e-18
5667.00	1.77046e-18
5668.00	1.50035e-18
5669.00	1.53627e-18
5670.00	1.53989e-18
5671.00	1.41314e-18
5672.00	1.1695e-18
5673.00	4.22613e-19
5674.00	5.1761e-19
5675.00	1.59598e-18
5676.00	1.22191e-18
5677.00	4.77291e-19
5678.00	2.28929e-19
5679.00	1.10152e-18
5680.00	1.6017e-18
5681.00	1.4136e-18
5682.00	8.75551e-19
5683.00	6.63009e-19
5684.00	1.00881e-18
5685.00	1.1919e-18
5686.00	9.31927e-19
5687.00	1.32668e-19
5688.00	3.27867e-19
5689.00	5.60895e-19
5690.00	2.32364e-19
5691.00	-2.12796e-19
5692.00	-3.75174e-19
5693.00	-2.37717e-19
5694.00	1.33775e-19
5695.00	2.40763e-19
5696.00	2.49646e-19
5697.00	3.20171e-19
5698.00	7.22091e-19
5699.00	1.24281e-18
5700.00	1.46405e-18
5701.00	1.28169e-18
5702.00	1.26099e-18
5703.00	9.73847e-19
5704.00	6.64354e-19
5705.00	5.93753e-19
5706.00	1.09135e-18
5707.00	8.96341e-19
5708.00	4.00709e-19
5709.00	6.17503e-19
5710.00	6.61341e-19
5711.00	6.89357e-19
5712.00	9.3928e-19
5713.00	2.15248e-18
5714.00	2.32782e-18
5715.00	2.01546e-18
5716.00	1.57772e-18
5717.00	9.36441e-19
5718.00	3.70107e-19
5719.00	2.46746e-19
5720.00	8.88308e-19
5721.00	2.2108e-19
5722.00	-1.27897e-19
5723.00	2.36238e-19
5724.00	1.43481e-18
5725.00	1.5755e-18
5726.00	1.07991e-18
5727.00	2.53155e-19
5728.00	-4.45021e-19
5729.00	1.241e-20
5730.00	9.11838e-19
5731.00	1.53505e-18
5732.00	1.66823e-18
5733.00	1.61525e-18
5734.00	1.26677e-18
5735.00	3.48452e-19
5736.00	-2.0161e-19
5737.00	-3.40411e-19
5738.00	-9.8355e-21
5739.00	8.8887e-19
5740.00	1.49681e-18
5741.00	1.19176e-18
5742.00	2.99747e-20
5743.00	8.19317e-19
5744.00	1.52458e-18
5745.00	1.42113e-18
5746.00	3.23639e-20
5747.00	3.90784e-19
5748.00	1.00461e-18
5749.00	1.39491e-18
5750.00	1.25682e-18
5751.00	1.26043e-18
5752.00	1.08719e-18
5753.00	6.85077e-19
5754.00	2.77292e-19
5755.00	4.36438e-19
5756.00	4.74359e-19
5757.00	-8.55182e-20
5758.00	1.53305e-19
5759.00	3.91883e-19
5760.00	5.05416e-19
5761.00	4.98512e-19
5762.00	3.4902e-19
5763.00	6.47764e-19
5764.00	1.34784e-18
5765.00	1.84174e-18
5766.00	1.38826e-18
5767.00	6.8793e-19
5768.00	3.11498e-19
5769.00	9.36705e-19
5770.00	9.30291e-19
5771.00	8.2938e-19
5772.00	1.36654e-18
5773.00	1.28444e-18
5774.00	8.40015e-19
5775.00	2.79995e-19
5776.00	2.27158e-21
5777.00	-3.23079e-19
5778.00	-4.2258e-20
5779.00	8.19733e-19
5780.00	1.05468e-18
5781.00	1.19372e-18
5782.00	1.34232e-18
5783.00	1.50158e-18
5784.00	8.35695e-19
5785.00	9.2082e-19
5786.00	1.46655e-18
5787.00	1.67601e-18
5788.00	1.37481e-18
5789.00	1.13589e-18
5790.00	1.07543e-18
5791.00	9.82831e-19
5792.00	5.67361e-19
5793.00	4.08726e-19
5794.00	7.43484e-19
5795.00	9.01072e-19
5796.00	8.77798e-19
5797.00	6.18918e-19
5798.00	1.22064e-19
5799.00	4.14062e-19
5800.00	1.46862e-19
5801.00	-1.71982e-19
5802.00	1.22324e-18
5803.00	1.25327e-18
5804.00	1.08308e-18
5805.00	9.99715e-19
5806.00	2.72722e-19
5807.00	9.30943e-19
5808.00	1.75186e-18
5809.00	1.72628e-18
5810.00	1.4222e-18
5811.00	7.01892e-19
5812.00	1.6672e-19
5813.00	6.56788e-19
5814.00	1.67025e-18
5815.00	1.86409e-18
5816.00	1.26874e-18
5817.00	1.32006e-18
5818.00	6.20415e-19
5819.00	1.51474e-19
5820.00	3.27652e-19
5821.00	1.98484e-19
5822.00	3.67783e-19
5823.00	7.36459e-19
5824.00	1.13565e-18
5825.00	1.39455e-18
5826.00	1.25886e-18
5827.00	8.91744e-19
5828.00	6.80573e-19
5829.00	9.12211e-19
5830.00	1.14663e-18
5831.00	1.17914e-18
5832.00	9.80383e-19
5833.00	9.01537e-19
5834.00	7.01525e-19
5835.00	2.66494e-19
5836.00	2.99259e-19
5837.00	2.50504e-19
5838.00	3.27559e-19
5839.00	9.27758e-19
5840.00	6.71193e-19
5841.00	4.99951e-19
5842.00	5.91644e-19
5843.00	7.48762e-19
5844.00	2.20399e-19
5845.00	6.62125e-21
5846.00	4.36081e-19
5847.00	5.33317e-20
5848.00	6.39063e-19
5849.00	1.54597e-18
5850.00	1.95247e-18
5851.00	1.79845e-18
5852.00	1.8599e-18
5853.00	2.02958e-18
5854.00	1.74154e-18
5855.00	1.65137e-18
5856.00	1.58223e-18
5857.00	1.41931e-18
5858.00	9.72443e-19
5859.00	3.48185e-19
5860.00	3.49774e-20
5861.00	3.0228e-19
5862.00	1.67843e-19
5863.00	7.29409e-19
5864.00	1.56191e-18
5865.00	1.90148e-18
5866.00	1.79527e-18
5867.00	1.39286e-18
5868.00	9.01715e-19
5869.00	6.54086e-19
5870.00	5.81126e-19
5871.00	6.60567e-19
5872.00	7.67489e-19
5873.00	2.56782e-19
5874.00	9.10581e-19
5875.00	1.46405e-18
5876.00	6.09968e-19
5877.00	-1.90113e-19
5878.00	5.29908e-19
5879.00	1.62215e-18
5880.00	2.87391e-19
5881.00	1.40296e-20
5882.00	3.68491e-19
5883.00	1.05644e-18
5884.00	1.36703e-18
5885.00	1.34652e-18
5886.00	1.16962e-18
5887.00	9.50899e-19
5888.00	4.62767e-19
5889.00	9.93465e-20
5890.00	2.15433e-19
5891.00	1.1776e-18
5892.00	1.50068e-18
5893.00	1.30568e-18
5894.00	9.54136e-19
5895.00	1.46746e-18
5896.00	5.17863e-19
5897.00	-1.98053e-19
5898.00	1.38014e-19
5899.00	1.2465e-18
5900.00	6.97867e-19
5901.00	-1.49494e-19
5902.00	1.42882e-19
5903.00	2.31017e-19
5904.00	6.80193e-19
5905.00	1.22401e-18
5906.00	1.24263e-18
5907.00	1.32965e-18
5908.00	7.11655e-19
5909.00	-2.66553e-19
5910.00	4.74684e-19
5911.00	1.25193e-18
5912.00	1.29002e-18
5913.00	3.10661e-19
5914.00	4.74601e-19
5915.00	1.35644e-19
5916.00	-2.41156e-19
5917.00	1.7457e-19
5918.00	7.79749e-19
5919.00	7.76239e-19
5920.00	4.51563e-19
5921.00	1.16965e-18
5922.00	1.34042e-18
5923.00	1.06068e-18
5924.00	6.04287e-19
5925.00	1.15101e-18
5926.00	1.83766e-18
5927.00	1.81621e-18
5928.00	5.79913e-19
5929.00	1.36185e-18
5930.00	1.40569e-18
5931.00	1.44953e-18
5932.00	1.49338e-18
5933.00	1.49338e-18
5934.00	5.8053e-19
5935.00	-1.95651e-19
5936.00	4.20444e-19
5937.00	7.43225e-19
5938.00	4.93998e-19
5939.00	-3.01173e-19
5940.00	-1.96347e-19
5941.00	5.842e-19
5942.00	1.28357e-18
5943.00	1.00898e-18
5944.00	7.67663e-19
5945.00	9.60126e-19
5946.00	1.44917e-18
5947.00	1.67091e-18
5948.00	1.14625e-18
5949.00	3.93157e-19
5950.00	-1.61969e-19
5951.00	9.15975e-20
5952.00	4.80529e-19
5953.00	6.67509e-19
5954.00	4.10424e-19
5955.00	8.16606e-20
5956.00	2.60137e-19
5957.00	7.70016e-19
5958.00	1.14939e-18
5959.00	8.92671e-19
5960.00	3.41966e-19
5961.00	-6.97602e-20
5962.00	5.68176e-19
5963.00	1.23014e-18
5964.00	1.79485e-18
5965.00	2.02406e-18
5966.00	9.73095e-19
5967.00	1.83587e-19
5968.00	8.69879e-20
5969.00	9.09034e-19
5970.00	3.38408e-19
5971.00	1.50242e-19
5972.00	6.26801e-19
5973.00	1.53234e-18
5974.00	1.10549e-18
5975.00	8.08556e-19
5976.00	1.14723e-18
5977.00	1.29496e-18
5978.00	6.97549e-19
5979.00	1.82424e-20
5980.00	-7.87539e-20
5981.00	6.71473e-19
5982.00	1.03383e-18
5983.00	9.79394e-19
5984.00	8.36201e-19
5985.00	1.36522e-18
5986.00	1.44101e-18
5987.00	8.13453e-19
5988.00	-1.08072e-19
5989.00	-4.29607e-19
5990.00	-2.70397e-19
5991.00	2.57573e-19
5992.00	1.18443e-18
5993.00	6.2888e-19
5994.00	-2.72074e-19
5995.00	5.89801e-20
5996.00	6.72558e-19
5997.00	5.77004e-19
5998.00	3.21786e-20
5999.00	2.87172e-19
6000.00	1.56095e-19
6001.00	6.01379e-19
6002.00	1.67345e-18
6003.00	1.81583e-18
6004.00	1.44689e-18
6005.00	1.09086e-18
6006.00	1.13467e-18
6007.00	7.63325e-19
6008.00	3.95281e-19
6009.00	3.01933e-19
6010.00	8.04282e-19
6011.00	1.25517e-18
6012.00	9.82303e-19
6013.00	1.59804e-19
6014.00	6.50015e-21
6015.00	4.84025e-19
6016.00	7.89684e-19
6017.00	5.21803e-19
6018.00	5.9354e-19
6019.00	5.29451e-19
6020.00	4.99992e-19
6021.00	7.48946e-19
6022.00	1.36613e-18
6023.00	1.72339e-18
6024.00	1.73219e-18
6025.00	1.57247e-18
6026.00	1.32842e-18
6027.00	1.011e-18
6028.00	7.39037e-19
6029.00	9.11181e-19
6030.00	1.10689e-18
6031.00	1.24048e-18
6032.00	1.21228e-18
6033.00	6.7042e-19
6034.00	-1.67764e-19
6035.00	-6.1365e-19
6036.00	2.9191e-19
6037.00	1.52065e-18
6038.00	2.2981e-18
6039.00	2.34773e-18
6040.00	1.83904e-18
6041.00	1.23399e-18
6042.00	7.18155e-19
6043.00	4.37816e-19
6044.00	4.79455e-19
6045.00	2.66349e-19
6046.00	-1.56332e-19
6047.00	-6.2453e-19
6048.00	-4.27526e-20
6049.00	2.10328e-19
6050.00	2.32434e-19
6051.00	1.00593e-18
6052.00	1.22093e-18
6053.00	7.26039e-19
6054.00	-1.45334e-19
6055.00	2.77443e-19
6056.00	1.03628e-18
6057.00	1.49627e-18
6058.00	1.21046e-18
6059.00	8.40866e-19
6060.00	5.84869e-19
6061.00	4.54695e-19
6062.00	4.01269e-19
6063.00	-1.56983e-19
6064.00	-2.30959e-19
6065.00	3.35216e-19
6066.00	1.15467e-18
6067.00	1.05311e-18
6068.00	1.04812e-18
6069.00	1.57372e-18
6070.00	1.57764e-18
6071.00	9.98373e-19
6072.00	5.65507e-19
6073.00	1.03424e-18
6074.00	1.18173e-18
6075.00	1.07739e-18
6076.00	9.16781e-19
6077.00	1.08871e-18
6078.00	1.47958e-18
6079.00	2.02162e-18
6080.00	2.37778e-18
6081.00	1.46446e-18
6082.00	5.16498e-19
6083.00	3.93984e-19
6084.00	1.49977e-18
6085.00	1.42137e-18
6086.00	1.13115e-18
6087.00	9.1829e-19
6088.00	1.02679e-18
6089.00	2.01765e-19
6090.00	-4.26603e-19
6091.00	-5.20104e-19
6092.00	-1.03349e-19
6093.00	-8.86421e-20
6094.00	-1.08722e-19
6095.00	1.31159e-20
6096.00	8.85711e-20
6097.00	2.09527e-19
6098.00	4.43338e-19
6099.00	8.15933e-19
6100.00	5.83092e-19
6101.00	3.99175e-19
6102.00	2.85758e-19
6103.00	-6.52313e-20
6104.00	2.37783e-19
6105.00	5.59361e-19
6106.00	7.33425e-19
6107.00	1.22497e-18
6108.00	1.04498e-18
6109.00	4.85131e-19
6110.00	-5.14215e-20
6111.00	6.6127e-19
6112.00	8.25567e-19
6113.00	4.59292e-19
6114.00	-2.50936e-20
6115.00	8.09209e-20
6116.00	2.79382e-19
6117.00	4.56145e-19
6118.00	7.13734e-19
6119.00	1.04571e-18
6120.00	1.01005e-18
6121.00	5.90607e-19
6122.00	1.0196e-18
6123.00	1.8581e-18
6124.00	2.16707e-18
6125.00	1.11282e-18
6126.00	4.54728e-19
6127.00	4.91004e-19
6128.00	9.27404e-19
6129.00	1.01228e-18
6130.00	1.10074e-18
6131.00	1.19712e-18
6132.00	1.27063e-18
6133.00	1.19124e-18
6134.00	9.26235e-19
6135.00	5.38231e-19
6136.00	1.57508e-19
6137.00	4.09059e-19
6138.00	4.49731e-19
6139.00	3.72156e-19
6140.00	4.72626e-19
6141.00	3.05939e-19
6142.00	2.45367e-19
6143.00	4.34996e-19
6144.00	9.58708e-19
6145.00	1.53204e-18
6146.00	1.83781e-18
6147.00	1.75576e-18
6148.00	1.72944e-18
6149.00	1.28502e-18
6150.00	8.02972e-19
6151.00	7.08898e-19
6152.00	1.19028e-18
6153.00	8.56448e-19
6154.00	1.72408e-19
6155.00	6.07005e-19
6156.00	3.40372e-19
6157.00	4.88823e-19
6158.00	1.15605e-18
6159.00	1.3457e-18
6160.00	8.92746e-19
6161.00	2.62934e-19
6162.00	-6.80333e-20
6163.00	6.64121e-19
6164.00	1.34108e-18
6165.00	1.80526e-18
6166.00	2.07361e-18
6167.00	1.31052e-18
6168.00	5.13808e-19
6169.00	2.34743e-19
6170.00	1.12939e-18
6171.00	1.40182e-18
6172.00	1.44434e-18
6173.00	1.43549e-18
6174.00	1.43245e-18
6175.00	1.15441e-18
6176.00	9.24189e-19
6177.00	1.06377e-18
6178.00	1.36645e-18
6179.00	1.34913e-18
6180.00	1.01169e-18
6181.00	5.33273e-19
6182.00	2.65328e-19
6183.00	3.28865e-19
6184.00	6.58087e-19
6185.00	8.55105e-19
6186.00	9.51658e-19
6187.00	8.21448e-19
6188.00	5.02106e-19
6189.00	9.65195e-19
6190.00	1.06318e-18
6191.00	8.324e-19
6192.00	5.23466e-19
6193.00	7.57375e-19
6194.00	7.88689e-19
6195.00	4.4002e-19
6196.00	-3.02992e-19
6197.00	-2.09034e-19
6198.00	3.17845e-19
6199.00	9.68068e-19
6200.00	1.22996e-18
6201.00	1.73295e-18
6202.00	1.86671e-18
6203.00	1.11651e-18
6204.00	9.1443e-19
6205.00	9.7603e-19
6206.00	1.05693e-18
6207.00	7.61971e-19
6208.00	1.0856e-18
6209.00	1.22685e-18
6210.00	1.04576e-18
6211.00	1.15759e-18
6212.00	4.34639e-19
6213.00	-9.12994e-20
6214.00	2.39338e-19
6215.00	7.80872e-19
6216.00	6.56844e-19
6217.00	4.33511e-19
6218.00	9.63984e-19
6219.00	1.4474e-18
6220.00	1.35227e-18
6221.00	7.9155e-19
6222.00	3.36291e-19
6223.00	7.02399e-19
6224.00	1.25273e-18
6225.00	1.58567e-18
6226.00	1.47288e-18
6227.00	1.08436e-18
6228.00	4.91539e-19
6229.00	-1.50376e-19
6230.00	2.63911e-19
6231.00	1.01821e-18
6232.00	1.43814e-18
6233.00	6.08401e-19
6234.00	3.34487e-19
6235.00	1.72825e-19
6236.00	6.75935e-20
6237.00	1.64313e-19
6238.00	5.51953e-19
6239.00	8.78292e-19
6240.00	9.44784e-19
6241.00	1.15814e-18
6242.00	1.21934e-18
6243.00	1.10056e-18
6244.00	8.26311e-19
6245.00	1.31399e-18
6246.00	1.33297e-18
6247.00	9.50143e-19
6248.00	1.08027e-18
6249.00	1.20777e-18
6250.00	9.24598e-19
6251.00	3.00426e-19
6252.00	6.86296e-19
6253.00	5.47264e-19
6254.00	3.6588e-19
6255.00	6.41687e-19
6256.00	1.25228e-18
6257.00	1.1464e-18
6258.00	4.51914e-19
6259.00	-3.46861e-19
6260.00	2.60491e-19
6261.00	9.54459e-19
6262.00	1.20109e-18
6263.00	8.36108e-19
6264.00	7.5354e-19
6265.00	6.28422e-19
6266.00	3.26062e-19
6267.00	2.93888e-19
6268.00	8.71985e-19
6269.00	1.36837e-18
6270.00	9.42679e-19
6271.00	5.55921e-19
6272.00	9.10326e-19
6273.00	1.54696e-18
6274.00	8.93233e-19
6275.00	9.37923e-19
6276.00	1.47366e-18
6277.00	2.18326e-18
6278.00	1.94598e-18
6279.00	1.63125e-18
6280.00	1.36893e-18
6281.00	1.22266e-18
6282.00	8.19501e-19
6283.00	1.4898e-18
6284.00	2.25166e-18
6285.00	1.14115e-18
6286.00	1.17997e-18
6287.00	1.4681e-18
6288.00	1.62978e-18
6289.00	1.28776e-18
6290.00	1.16808e-18
6291.00	7.41969e-19
6292.00	-1.9433e-20
6293.00	8.31716e-19
6294.00	1.37288e-18
6295.00	1.65879e-18
6296.00	1.96796e-18
6297.00	1.27984e-18
6298.00	1.07594e-18
6299.00	1.25495e-18
6300.00	7.78407e-19
6301.00	7.88028e-20
6302.00	1.23715e-19
6303.00	1.03024e-18
6304.00	1.28612e-18
6305.00	1.25907e-18
6306.00	8.924e-19
6307.00	2.28675e-19
6308.00	7.15724e-20
6309.00	7.44964e-19
6310.00	1.47736e-18
6311.00	9.79501e-19
6312.00	1.0178e-18
6313.00	1.13769e-18
6314.00	1.17769e-18
6315.00	9.58328e-19
6316.00	9.98926e-19
6317.00	1.51145e-18
6318.00	2.39128e-18
6319.00	2.28651e-18
6320.00	1.7951e-18
6321.00	1.20359e-18
6322.00	7.855e-19
6323.00	8.34022e-19
6324.00	6.03525e-19
6325.00	3.07539e-19
6326.00	8.43766e-19
6327.00	8.94049e-19
6328.00	1.11151e-18
6329.00	1.64818e-18
6330.00	2.18954e-18
6331.00	1.68354e-18
6332.00	9.82141e-19
6333.00	8.43998e-19
6334.00	1.12711e-18
6335.00	1.0684e-18
6336.00	9.01792e-19
6337.00	1.18691e-18
6338.00	1.42468e-18
6339.00	1.25042e-18
6340.00	7.89914e-19
6341.00	7.03932e-19
6342.00	1.39956e-18
6343.00	1.68901e-18
6344.00	1.00742e-18
6345.00	3.87355e-19
6346.00	5.91811e-19
6347.00	1.08147e-18
6348.00	1.16501e-18
6349.00	1.05941e-18
6350.00	7.95598e-19
6351.00	5.75857e-19
6352.00	7.4851e-19
6353.00	1.23485e-18
6354.00	1.318e-18
6355.00	8.9734e-19
6356.00	8.19161e-19
6357.00	1.54253e-18
6358.00	2.23894e-18
6359.00	2.22994e-18
6360.00	1.91522e-18
6361.00	1.26452e-18
6362.00	6.1816e-19
6363.00	4.41964e-19
6364.00	4.73208e-19
6365.00	5.65038e-19
6366.00	5.93519e-19
6367.00	4.14484e-19
6368.00	1.07429e-19
6369.00	2.26087e-19
6370.00	9.57558e-19
6371.00	1.44973e-18
6372.00	1.83741e-18
6373.00	1.94672e-18
6374.00	1.61087e-18
6375.00	1.11253e-18
6376.00	1.04112e-18
6377.00	1.18787e-18
6378.00	8.33915e-19
6379.00	5.41364e-19
6380.00	4.84432e-19
6381.00	6.63525e-19
6382.00	7.50781e-19
6383.00	4.96542e-19
6384.00	1.81731e-19
6385.00	1.19212e-19
6386.00	9.84542e-19
6387.00	1.40848e-18
6388.00	1.45177e-18
6389.00	1.52076e-18
6390.00	1.12935e-18
6391.00	1.0728e-18
6392.00	1.33067e-18
6393.00	1.18367e-18
6394.00	8.94983e-19
6395.00	6.01982e-19
6396.00	4.27388e-19
6397.00	4.8409e-19
6398.00	7.40606e-19
6399.00	1.03125e-18
6400.00	1.20126e-18
6401.00	1.60741e-18
6402.00	1.73065e-18
6403.00	1.65965e-18
6404.00	1.81921e-18
6405.00	1.53071e-18
6406.00	1.12592e-18
6407.00	7.95769e-19
6408.00	6.51188e-19
6409.00	1.22894e-18
6410.00	1.6898e-18
6411.00	1.44198e-18
6412.00	1.22093e-18
6413.00	1.08974e-18
6414.00	1.15099e-18
6415.00	1.50784e-18
6416.00	1.58282e-18
6417.00	1.53351e-18
6418.00	1.40881e-18
6419.00	1.22135e-18
6420.00	1.11966e-18
6421.00	1.23264e-18
6422.00	1.51487e-18
6423.00	1.3417e-18
6424.00	1.29706e-18
6425.00	1.20819e-18
6426.00	8.99845e-19
6427.00	1.16066e-18
6428.00	1.26135e-18
6429.00	1.14133e-18
6430.00	9.26921e-19
6431.00	1.43594e-18
6432.00	1.55787e-18
6433.00	1.01395e-18
6434.00	4.12774e-19
6435.00	2.98735e-20
6436.00	1.05341e-19
6437.00	7.21825e-19
6438.00	1.23236e-18
6439.00	1.30368e-18
6440.00	1.13671e-18
6441.00	1.08095e-18
6442.00	1.08867e-18
6443.00	1.11001e-18
6444.00	1.14539e-18
6445.00	1.28446e-18
6446.00	9.61916e-19
6447.00	9.44434e-19
6448.00	1.45079e-18
6449.00	1.40813e-18
6450.00	1.75332e-18
6451.00	1.8711e-18
6452.00	1.17106e-18
6453.00	9.15317e-19
6454.00	6.91022e-19
6455.00	6.76224e-19
6456.00	1.36667e-18
6457.00	1.24808e-18
6458.00	8.96316e-19
6459.00	6.96103e-19
6460.00	1.33163e-18
6461.00	1.34172e-18
6462.00	9.32211e-19
6463.00	3.58539e-19
6464.00	1.97155e-19
6465.00	1.31765e-19
6466.00	2.38231e-19
6467.00	6.56053e-19
6468.00	1.03386e-18
6469.00	1.52546e-18
6470.00	1.96848e-18
6471.00	1.8554e-18
6472.00	2.09914e-18
6473.00	2.28115e-18
6474.00	2.17172e-18
6475.00	1.61049e-18
6476.00	1.65806e-18
6477.00	1.77525e-18
6478.00	1.39668e-18
6479.00	9.58112e-19
6480.00	1.0241e-18
6481.00	1.34149e-18
6482.00	1.25536e-18
6483.00	1.05133e-18
6484.00	9.36181e-19
6485.00	9.54113e-19
6486.00	9.21231e-19
6487.00	9.45194e-19
6488.00	9.39878e-19
6489.00	8.99876e-19
6490.00	1.25494e-18
6491.00	1.4695e-18
6492.00	1.41683e-18
6493.00	1.03946e-18
6494.00	8.97031e-19
6495.00	1.14844e-18
6496.00	1.5072e-18
6497.00	1.16867e-18
6498.00	7.25016e-19
6499.00	8.36245e-19
6500.00	1.55542e-18
6501.00	1.41633e-18
6502.00	1.14678e-18
6503.00	1.01582e-18
6504.00	1.21554e-18
6505.00	1.41818e-18
6506.00	1.41153e-18
6507.00	1.15427e-18
6508.00	6.12636e-19
6509.00	9.38489e-19
6510.00	1.53352e-18
6511.00	2.02697e-18
6512.00	1.97045e-18
6513.00	1.73785e-18
6514.00	1.4485e-18
6515.00	1.21213e-18
6516.00	1.14556e-18
6517.00	1.00491e-18
6518.00	8.53808e-19
6519.00	8.07688e-19
6520.00	8.54697e-19
6521.00	9.74644e-19
6522.00	1.11211e-18
6523.00	1.21566e-18
6524.00	8.62337e-19
6525.00	3.91845e-19
6526.00	3.23863e-20
6527.00	-8.74177e-21
6528.00	-6.89084e-21
6529.00	2.2468e-21
6530.00	-8.18692e-24
6531.00	-6.45532e-23
6532.00	0E-21
6533.00	0E-21
6534.00	0E-21
6535.00	0E-21
6536.00	0E-21
6537.00	0E-21
6538.00	0E-21
6539.00	0E-21
6540.00	0E-21
6541.00	0E-21
6542.00	0E-21
6543.00	0E-21
6544.00	0E-21
6545.00	0E-21
6546.00	0E-21
6547.00	-6.00395e-23
6548.00	5.66097e-23
6549.00	1.06392e-21
6550.00	2.9493e-21
6551.00	-4.45127e-20
6552.00	-2.11571e-20
6553.00	7.17176e-19
6554.00	1.12826e-18
6555.00	1.33995e-18
6556.00	1.49972e-18
6557.00	1.34246e-18
6558.00	1.56562e-18
6559.00	1.91931e-18
6560.00	1.83591e-18
6561.00	7.62717e-19
6562.00	1.40516e-19
6563.00	4.1888e-19
6564.00	1.45228e-18
6565.00	1.13442e-18
6566.00	7.81525e-19
6567.00	1.046e-18
6568.00	2.87797e-19
6569.00	7.35087e-19
6570.00	1.62182e-18
6571.00	1.77418e-18
6572.00	1.39146e-18
6573.00	1.37373e-18
6574.00	1.43128e-18
6575.00	1.73088e-19
6576.00	7.86822e-19
6577.00	1.52958e-18
6578.00	1.66151e-18
6579.00	1.33334e-18
6580.00	1.42961e-18
6581.00	1.62552e-18
6582.00	1.57125e-18
6583.00	9.35604e-19
6584.00	1.08599e-18
6585.00	1.51503e-18
6586.00	1.06448e-18
6587.00	3.53643e-19
6588.00	-1.87139e-19
6589.00	-1.71447e-19
6590.00	1.16885e-18
6591.00	7.17384e-19
6592.00	2.51981e-19
6593.00	6.68437e-19
6594.00	2.80146e-19
6595.00	7.85547e-19
6596.00	1.50517e-18
6597.00	1.5066e-18
6598.00	1.91455e-18
6599.00	1.59945e-18
6600.00	9.06556e-19
6601.00	1.15522e-18
6602.00	1.08941e-18
6603.00	6.95763e-19
6604.00	1.46239e-19
6605.00	2.82986e-19
6606.00	6.78549e-19
6607.00	1.13716e-18
6608.00	1.43913e-18
6609.00	9.84446e-19
6610.00	8.9212e-19
6611.00	8.7245e-19
6612.00	1.62917e-19
6613.00	6.85827e-19
6614.00	1.28942e-18
6615.00	1.43261e-18
6616.00	5.95426e-19
6617.00	2.28782e-19
6618.00	2.65135e-19
6619.00	6.21234e-19
6620.00	1.05147e-18
6621.00	7.52448e-19
6622.00	3.49672e-19
6623.00	6.03119e-19
6624.00	6.18864e-19
6625.00	1.22548e-18
6626.00	1.94913e-18
6627.00	1.48926e-18
6628.00	4.35963e-19
6629.00	2.51724e-19
6630.00	1.18598e-18
6631.00	1.40184e-18
6632.00	1.42424e-18
6633.00	1.10485e-18
6634.00	3.82059e-19
6635.00	-2.82235e-19
6636.00	-1.7843e-19
6637.00	4.50429e-19
6638.00	1.07264e-18
6639.00	1.19251e-18
6640.00	1.05081e-18
6641.00	7.67644e-19
6642.00	3.96574e-19
6643.00	4.04012e-19
6644.00	1.01056e-18
6645.00	9.1959e-19
6646.00	8.28618e-19
6647.00	7.37645e-19
6648.00	6.46673e-19
6649.00	6.46673e-19
6650.00	5.48073e-19
6651.00	9.18733e-19
6652.00	1.14361e-18
6653.00	6.62932e-19
6654.00	3.56278e-19
6655.00	3.84564e-19
6656.00	6.74789e-19
6657.00	5.53658e-19
6658.00	4.09342e-19
6659.00	4.89842e-19
6660.00	8.62067e-19
6661.00	3.2083e-19
6662.00	4.43332e-19
6663.00	8.97685e-19
6664.00	8.58571e-19
6665.00	1.52527e-18
6666.00	1.60773e-18
6667.00	1.10262e-18
6668.00	1.06451e-18
6669.00	1.08332e-18
6670.00	1.29618e-18
6671.00	1.48645e-18
6672.00	-3.63871e-20
6673.00	-6.50105e-20
6674.00	5.56638e-19
6675.00	6.38151e-19
6676.00	3.71131e-19
6677.00	4.24906e-19
6678.00	6.42301e-19
6679.00	3.89573e-19
6680.00	2.83739e-19
6681.00	1.90639e-19
6682.00	2.01315e-19
6683.00	8.14121e-19
6684.00	1.09597e-18
6685.00	1.06734e-18
6686.00	8.25174e-19
6687.00	8.09692e-19
6688.00	1.15192e-18
6689.00	1.4961e-18
6690.00	1.32398e-18
6691.00	1.08784e-18
6692.00	8.71112e-19
6693.00	8.10912e-19
6694.00	1.16364e-18
6695.00	1.36179e-18
6696.00	1.25663e-18
6697.00	9.38344e-19
6698.00	1.32295e-18
6699.00	2.05051e-18
6700.00	2.63125e-18
6701.00	2.6467e-18
6702.00	3.27101e-18
6703.00	2.99724e-18
6704.00	2.31573e-18
6705.00	2.68581e-18
6706.00	3.78197e-18
6707.00	4.08438e-18
6708.00	3.29969e-18
6709.00	2.93444e-18
6710.00	1.74777e-18
6711.00	5.91599e-19
6712.00	2.33609e-19
6713.00	1.45082e-18
6714.00	1.41752e-18
6715.00	7.12356e-19
6716.00	6.84789e-19
6717.00	1.19604e-18
6718.00	1.03395e-18
6719.00	2.88021e-19
6720.00	1.18345e-19
6721.00	2.62926e-19
6722.00	8.85412e-19
6723.00	1.76748e-18
6724.00	1.53652e-18
6725.00	9.10571e-19
6726.00	5.07795e-19
6727.00	8.36411e-19
6728.00	9.56939e-19
6729.00	6.83506e-19
6730.00	1.72188e-19
6731.00	-2.26889e-19
6732.00	-1.75589e-19
6733.00	3.59534e-19
6734.00	1.13537e-18
6735.00	1.35524e-18
6736.00	1.15499e-18
6737.00	6.49092e-19
6738.00	7.56833e-20
6739.00	5.11414e-19
6740.00	5.96009e-19
6741.00	4.04791e-19
6742.00	2.84249e-19
6743.00	2.70954e-19
6744.00	3.58021e-19
6745.00	6.25528e-19
6746.00	1.38259e-18
6747.00	1.25702e-18
6748.00	8.46794e-19
6749.00	4.78323e-19
6750.00	2.37052e-19
6751.00	-3.27245e-19
6752.00	-3.30646e-19
6753.00	9.49215e-19
6754.00	1.19821e-18
6755.00	8.56506e-19
6756.00	4.06069e-19
6757.00	6.18003e-19
6758.00	3.00528e-19
6759.00	2.41057e-19
6760.00	5.19124e-19
6761.00	4.12579e-19
6762.00	5.49955e-19
6763.00	9.37774e-19
6764.00	1.43191e-18
6765.00	1.02929e-18
6766.00	6.56103e-19
6767.00	4.06214e-19
6768.00	2.45441e-19
6769.00	6.46105e-19
6770.00	8.1349e-19
6771.00	6.73836e-19
6772.00	5.95479e-19
6773.00	6.93182e-19
6774.00	5.41636e-19
6775.00	4.51496e-20
6776.00	-2.27313e-19
6777.00	-1.52751e-19
6778.00	-6.72715e-21
6779.00	-2.85138e-20
6780.00	3.1521e-19
6781.00	6.16215e-19
6782.00	7.96195e-19
6783.00	8.51555e-19
6784.00	1.11289e-18
6785.00	7.58853e-19
6786.00	2.01823e-20
6787.00	6.49061e-19
6788.00	1.13231e-18
6789.00	1.18797e-18
6790.00	7.46291e-19
6791.00	7.72163e-19
6792.00	5.08931e-19
6793.00	2.50919e-19
6794.00	4.50725e-19
6795.00	4.56307e-20
6796.00	2.51134e-19
6797.00	9.24249e-19
6798.00	9.78773e-19
6799.00	1.22631e-18
6800.00	8.92992e-19
6801.00	3.97431e-20
6802.00	6.19466e-19
6803.00	1.12761e-18
6804.00	1.47822e-18
6805.00	1.65845e-18
6806.00	1.6029e-18
6807.00	1.39121e-18
6808.00	1.28239e-18
6809.00	1.70035e-18
6810.00	1.47498e-18
6811.00	1.12756e-18
6812.00	8.47922e-19
6813.00	6.53164e-19
6814.00	6.30348e-19
6815.00	7.63585e-19
6816.00	9.48865e-19
6817.00	5.90967e-19
6818.00	3.93417e-19
6819.00	5.54344e-19
6820.00	1.17223e-18
6821.00	6.52164e-19
6822.00	5.72184e-19
6823.00	9.06692e-19
6824.00	6.63124e-19
6825.00	4.84195e-19
6826.00	2.12139e-19
6827.00	3.5489e-20
6828.00	1.09727e-18
6829.00	1.31519e-18
6830.00	8.97073e-19
6831.00	2.69416e-19
6832.00	9.51646e-19
6833.00	9.07968e-19
6834.00	5.10526e-19
6835.00	9.79629e-19
6836.00	9.8135e-19
6837.00	5.64526e-19
6838.00	1.41005e-19
6839.00	1.08359e-18
6840.00	1.15986e-18
6841.00	1.03148e-18
6842.00	1.02408e-18
6843.00	2.77558e-19
6844.00	5.46251e-19
6845.00	1.02202e-18
6846.00	5.5613e-19
6847.00	4.6869e-19
6848.00	7.24427e-19
6849.00	1.16844e-18
6850.00	1.48045e-18
6851.00	1.34748e-18
6852.00	9.6297e-19
6853.00	5.98378e-19
6854.00	9.8032e-19
6855.00	1.22573e-18
6856.00	1.08717e-18
6857.00	5.46348e-19
6858.00	1.42695e-18
6859.00	1.62954e-18
6860.00	1.06622e-18
6861.00	1.42954e-19
6862.00	2.94396e-19
6863.00	1.86902e-19
6864.00	-5.27124e-20
6865.00	1.49085e-18
6866.00	1.21599e-18
6867.00	6.71322e-19
6868.00	7.90685e-19
6869.00	1.22292e-18
6870.00	5.00348e-19
6871.00	-2.95482e-19
6872.00	2.21077e-19
6873.00	7.97494e-19
6874.00	5.556e-19
6875.00	6.12463e-20
6876.00	1.13449e-18
6877.00	1.84442e-18
6878.00	1.73825e-18
6879.00	7.89095e-19
6880.00	-2.83769e-20
6881.00	1.93605e-20
6882.00	5.54978e-19
6883.00	1.12224e-18
6884.00	9.10084e-19
6885.00	6.77303e-19
6886.00	7.21851e-19
6887.00	1.30881e-18
6888.00	1.4722e-18
6889.00	9.17266e-19
6890.00	1.12627e-19
6891.00	7.61653e-19
6892.00	1.16297e-18
6893.00	1.25196e-18
6894.00	1.12778e-18
6895.00	1.88563e-18
6896.00	1.68822e-18
6897.00	1.03591e-18
6898.00	7.11649e-19
6899.00	9.68892e-19
6900.00	1.2924e-18
6901.00	1.34336e-18
6902.00	5.97499e-19
6903.00	9.09425e-19
6904.00	1.03726e-18
6905.00	7.47654e-19
6906.00	1.21759e-18
6907.00	1.54435e-18
6908.00	1.91207e-18
6909.00	2.30317e-18
6910.00	8.17244e-19
6911.00	-1.67654e-19
6912.00	-3.39018e-19
6913.00	1.47068e-19
6914.00	1.27168e-18
6915.00	1.80104e-18
6916.00	1.59625e-18
6917.00	1.45368e-18
6918.00	1.94674e-18
6919.00	2.18216e-18
6920.00	1.80016e-18
6921.00	2.10174e-18
6922.00	1.04845e-18
6923.00	9.77209e-21
6924.00	5.81603e-19
6925.00	4.48772e-19
6926.00	3.09978e-19
6927.00	5.57443e-19
6928.00	1.88593e-18
6929.00	1.73326e-18
6930.00	1.21057e-18
6931.00	8.19417e-19
6932.00	7.53363e-19
6933.00	8.14353e-19
6934.00	8.84121e-19
6935.00	8.55651e-19
6936.00	6.00007e-19
6937.00	5.93167e-19
6938.00	6.92115e-19
6939.00	5.77501e-19
6940.00	5.91911e-19
6941.00	8.78964e-19
6942.00	1.23231e-18
6943.00	9.63985e-19
6944.00	5.28778e-19
6945.00	8.15201e-19
6946.00	1.92366e-18
6947.00	1.44552e-18
6948.00	8.33615e-19
6949.00	3.60288e-19
6950.00	2.3129e-19
6951.00	1.42179e-18
6952.00	1.65835e-18
6953.00	1.15347e-18
6954.00	1.35929e-18
6955.00	1.68081e-18
6956.00	1.69432e-18
6957.00	1.38143e-18
6958.00	1.50357e-18
6959.00	1.18551e-18
6960.00	1.08026e-18
6961.00	1.59245e-18
6962.00	1.65179e-18
6963.00	1.07964e-18
6964.00	5.02008e-19
6965.00	8.32022e-19
6966.00	1.37807e-18
6967.00	1.77586e-18
6968.00	1.78462e-18
6969.00	1.0868e-18
6970.00	1.12154e-18
6971.00	1.4474e-18
6972.00	1.64529e-18
6973.00	7.55018e-19
6974.00	2.53139e-19
6975.00	5.16819e-19
6976.00	1.67551e-18
6977.00	1.64127e-18
6978.00	1.2897e-18
6979.00	9.6112e-19
6980.00	9.51886e-19
6981.00	1.28547e-18
6982.00	9.99858e-19
6983.00	2.19983e-19
6984.00	9.18334e-19
6985.00	1.31435e-18
6986.00	1.5674e-18
6987.00	1.73561e-18
6988.00	1.12522e-18
6989.00	4.38517e-19
6990.00	2.48194e-19
6991.00	1.16566e-18
6992.00	1.38035e-18
6993.00	1.64861e-18
6994.00	1.91861e-18
6995.00	1.5074e-18
6996.00	1.70389e-18
6997.00	1.91934e-18
6998.00	1.82791e-18
6999.00	1.38735e-18
7000.00	9.94241e-19
7001.00	9.42864e-19
7002.00	1.42992e-18
7003.00	1.45879e-18
7004.00	1.53131e-18
7005.00	1.56679e-18
7006.00	1.22411e-18
7007.00	1.16973e-18
7008.00	1.22741e-18
7009.00	1.31111e-18
7010.00	1.31882e-18
7011.00	1.31227e-18
7012.00	1.29893e-18
7013.00	1.28703e-18
7014.00	1.29313e-18
7015.00	1.32049e-18
7016.00	1.28642e-18
7017.00	1.085e-18
7018.00	1.39072e-18
7019.00	1.09594e-18
7020.00	4.10584e-19
7021.00	5.87924e-19
7022.00	1.43258e-18
7023.00	1.77063e-18
7024.00	1.17323e-18
7025.00	8.87156e-19
7026.00	6.57047e-19
7027.00	5.14271e-19
7028.00	5.33034e-19
7029.00	1.38333e-18
7030.00	1.51203e-18
7031.00	1.16278e-18
7032.00	1.37746e-18
7033.00	1.20199e-18
7034.00	1.26583e-18
7035.00	1.58568e-18
7036.00	1.4679e-18
7037.00	1.08173e-18
7038.00	1.0276e-18
7039.00	1.54566e-18
7040.00	1.10262e-18
7041.00	7.44662e-19
7042.00	8.06206e-19
7043.00	1.52609e-18
7044.00	1.66996e-18
7045.00	1.63942e-18
7046.00	1.58067e-18
7047.00	1.62548e-18
7048.00	1.63623e-18
7049.00	1.45085e-18
7050.00	1.12627e-18
7051.00	1.35755e-18
7052.00	1.49515e-18
7053.00	1.3975e-18
7054.00	1.07499e-18
7055.00	2.08475e-18
7056.00	2.2283e-18
7057.00	1.44497e-18
7058.00	2.70883e-19
7059.00	1.12286e-18
7060.00	1.78324e-18
7061.00	1.70832e-18
7062.00	1.91307e-18
7063.00	2.01834e-18
7064.00	1.88061e-18
7065.00	1.50936e-18
7066.00	1.74387e-18
7067.00	1.36877e-18
7068.00	9.19649e-19
7069.00	1.24117e-18
7070.00	1.96146e-18
7071.00	2.22365e-18
7072.00	1.92312e-18
7073.00	1.4337e-18
7074.00	8.68863e-19
7075.00	9.14922e-19
7076.00	1.64664e-18
7077.00	1.8177e-18
7078.00	1.20184e-18
7079.00	5.38989e-19
7080.00	5.61632e-19
7081.00	1.44456e-18
7082.00	1.84697e-18
7083.00	1.51108e-18
7084.00	4.05944e-19
7085.00	6.8355e-19
7086.00	1.09462e-18
7087.00	1.2765e-18
7088.00	1.52057e-18
7089.00	1.4011e-18
7090.00	1.31561e-18
7091.00	1.4668e-18
7092.00	1.32548e-18
7093.00	1.04725e-18
7094.00	8.0688e-19
7095.00	7.91888e-19
7096.00	7.29442e-19
7097.00	8.62343e-19
7098.00	1.10847e-18
7099.00	1.14727e-18
7100.00	1.22772e-18
7101.00	1.30348e-18
7102.00	1.33527e-18
7103.00	1.19475e-18
7104.00	1.31034e-18
7105.00	1.34763e-18
7106.00	1.07286e-18
7107.00	1.70104e-18
7108.00	1.62073e-18
7109.00	1.0218e-18
7110.00	6.69984e-19
7111.00	8.4605e-19
7112.00	1.11074e-18
7113.00	1.19323e-18
7114.00	7.39993e-19
7115.00	6.99893e-19
7116.00	1.13474e-18
7117.00	1.83369e-18
7118.00	1.15006e-18
7119.00	9.33273e-19
7120.00	1.23305e-18
7121.00	1.82322e-18
7122.00	1.62301e-18
7123.00	1.29819e-18
7124.00	1.01179e-18
7125.00	7.32295e-19
7126.00	5.6553e-19
7127.00	7.19741e-19
7128.00	1.1377e-18
7129.00	1.21957e-18
7130.00	7.17863e-19
7131.00	1.84837e-19
7132.00	1.73108e-19
7133.00	1.11983e-18
7134.00	1.83482e-18
7135.00	2.00317e-18
7136.00	1.49979e-18
7137.00	9.33191e-19
7138.00	8.45589e-19
7139.00	1.26051e-18
7140.00	1.65993e-18
7141.00	1.28252e-18
7142.00	1.0216e-18
7143.00	1.2794e-18
7144.00	8.3177e-19
7145.00	3.37288e-19
7146.00	1.77896e-19
7147.00	6.84281e-19
7148.00	9.25193e-19
7149.00	1.34622e-18
7150.00	1.65114e-18
7151.00	9.64278e-19
7152.00	5.05906e-19
7153.00	7.91178e-19
7154.00	1.71957e-18
7155.00	1.64293e-18
7156.00	1.77157e-18
7157.00	1.93048e-18
7158.00	1.9122e-18
7159.00	1.5289e-18
7160.00	1.43508e-18
7161.00	1.41172e-18
7162.00	9.48534e-19
7163.00	2.17156e-19
7164.00	1.39554e-19
7165.00	7.68361e-19
7166.00	1.36175e-18
7167.00	1.2685e-18
7168.00	8.34804e-19
7169.00	4.1647e-19
7170.00	7.5289e-19
7171.00	8.63421e-19
7172.00	8.52395e-19
7173.00	9.58751e-19
7174.00	1.4196e-18
7175.00	1.55408e-18
7176.00	1.42745e-18
7177.00	1.61949e-18
7178.00	9.27521e-19
7179.00	4.94736e-19
7180.00	7.89776e-19
7181.00	1.66207e-18
7182.00	1.88749e-18
7183.00	1.87043e-18
7184.00	1.94936e-18
7185.00	1.59441e-18
7186.00	1.27797e-18
7187.00	1.05917e-18
7188.00	9.03491e-19
7189.00	7.94726e-19
7190.00	8.20435e-19
7191.00	8.97585e-19
7192.00	6.18227e-19
7193.00	1.27597e-18
7194.00	1.88805e-18
7195.00	1.88907e-18
7196.00	1.58524e-18
7197.00	1.51562e-18
7198.00	1.29033e-18
7199.00	4.70408e-19
7200.00	2.0245e-19
7201.00	5.41474e-19
7202.00	1.15354e-18
7203.00	1.32029e-18
7204.00	1.42349e-18
7205.00	1.40871e-18
7206.00	1.31393e-18
7207.00	1.35153e-18
7208.00	1.0483e-18
7209.00	7.02605e-19
7210.00	5.74465e-19
7211.00	5.73779e-19
7212.00	8.75881e-19
7213.00	1.32936e-18
7214.00	1.69731e-18
7215.00	1.28863e-18
7216.00	9.90414e-19
7217.00	1.05223e-18
7218.00	1.39325e-18
7219.00	1.23283e-18
7220.00	1.1219e-18
7221.00	1.31336e-18
7222.00	1.3351e-18
7223.00	1.6468e-18
7224.00	2.00947e-18
7225.00	2.10641e-18
7226.00	1.49626e-18
7227.00	1.22581e-18
7228.00	1.372e-18
7229.00	1.59265e-18
7230.00	1.77592e-18
7231.00	2.02612e-18
7232.00	2.22766e-18
7233.00	1.78309e-18
7234.00	1.65003e-18
7235.00	1.70734e-18
7236.00	1.79926e-18
7237.00	1.58895e-18
7238.00	1.66618e-18
7239.00	1.89389e-18
7240.00	1.95247e-18
7241.00	2.05194e-18
7242.00	2.10311e-18
7243.00	1.93715e-18
7244.00	1.07204e-18
7245.00	1.02636e-18
7246.00	1.46205e-18
7247.00	2.02966e-18
7248.00	1.91924e-18
7249.00	1.4901e-18
7250.00	1.28645e-18
7251.00	1.78982e-18
7252.00	2.03718e-18
7253.00	1.67719e-18
7254.00	1.11052e-18
7255.00	1.26638e-18
7256.00	1.6844e-18
7257.00	1.81107e-18
7258.00	1.61374e-18
7259.00	1.99718e-18
7260.00	1.95911e-18
7261.00	1.67576e-18
7262.00	1.37251e-18
7263.00	1.66602e-18
7264.00	1.30929e-18
7265.00	7.06904e-19
7266.00	6.53565e-19
7267.00	1.38726e-18
7268.00	1.58141e-18
7269.00	1.1059e-18
7270.00	6.63807e-19
7271.00	8.75032e-19
7272.00	1.16042e-18
7273.00	1.22712e-18
7274.00	1.31889e-18
7275.00	1.1876e-18
7276.00	1.2478e-18
7277.00	1.90594e-18
7278.00	2.77366e-18
7279.00	2.76276e-18
7280.00	2.07056e-18
7281.00	1.47647e-18
7282.00	1.50559e-18
7283.00	1.71263e-18
7284.00	1.90475e-18
7285.00	2.0969e-18
7286.00	1.89225e-18
7287.00	1.95632e-18
7288.00	2.66026e-18
7289.00	2.99966e-18
7290.00	2.33812e-18
7291.00	1.41018e-18
7292.00	1.31918e-18
7293.00	1.38909e-18
7294.00	1.81909e-18
7295.00	2.21962e-18
7296.00	1.48978e-18
7297.00	1.30679e-18
7298.00	1.25439e-18
7299.00	1.17226e-18
7300.00	1.23403e-18
7301.00	1.20137e-18
7302.00	1.21505e-18
7303.00	1.42826e-18
7304.00	1.7742e-18
7305.00	2.22151e-18
7306.00	2.46391e-18
7307.00	1.98343e-18
7308.00	1.2833e-18
7309.00	1.30274e-18
7310.00	2.02386e-18
7311.00	2.08988e-18
7312.00	1.20207e-18
7313.00	6.49912e-19
7314.00	1.21548e-18
7315.00	1.49736e-18
7316.00	9.30356e-19
7317.00	5.09819e-19
7318.00	1.61729e-18
7319.00	2.3931e-18
7320.00	2.5554e-18
7321.00	2.14101e-18
7322.00	1.41668e-18
7323.00	2.14329e-18
7324.00	2.16682e-18
7325.00	7.894e-19
7326.00	7.10114e-20
7327.00	3.96132e-19
7328.00	1.15606e-18
7329.00	1.73008e-18
7330.00	2.54e-18
7331.00	3.08204e-18
7332.00	3.15012e-18
7333.00	2.54927e-18
7334.00	2.05351e-18
7335.00	2.19549e-18
7336.00	2.79943e-18
7337.00	2.57867e-18
7338.00	1.68658e-18
7339.00	9.34368e-19
7340.00	9.11773e-19
7341.00	1.52905e-18
7342.00	1.68565e-18
7343.00	1.58516e-18
7344.00	1.68059e-18
7345.00	1.60877e-18
7346.00	1.52502e-18
7347.00	1.37931e-18
7348.00	9.03047e-19
7349.00	8.84405e-19
7350.00	1.15681e-18
7351.00	1.47505e-18
7352.00	1.03502e-18
7353.00	9.1737e-19
7354.00	1.08313e-18
7355.00	1.37212e-18
7356.00	9.44357e-19
7357.00	1.23729e-18
7358.00	2.12158e-18
7359.00	3.0048e-18
7360.00	2.03987e-18
7361.00	1.43009e-18
7362.00	1.66288e-18
7363.00	1.5817e-18
7364.00	1.4691e-18
7365.00	1.84687e-18
7366.00	2.7934e-18
7367.00	2.44961e-18
7368.00	1.5552e-18
7369.00	8.30836e-19
7370.00	1.02903e-18
7371.00	7.24484e-19
7372.00	1.02004e-18
7373.00	1.69087e-18
7374.00	1.57244e-18
7375.00	1.79986e-18
7376.00	1.74436e-18
7377.00	1.28641e-18
7378.00	1.14373e-18
7379.00	1.34591e-18
7380.00	1.60444e-18
7381.00	1.65022e-18
7382.00	1.59892e-18
7383.00	1.36769e-18
7384.00	1.23487e-18
7385.00	1.68226e-18
7386.00	1.92104e-18
7387.00	1.87727e-18
7388.00	1.55809e-18
7389.00	1.06715e-18
7390.00	1.34272e-18
7391.00	1.32617e-18
7392.00	5.8835e-19
7393.00	1.27742e-18
7394.00	7.20438e-19
7395.00	-1.15801e-19
7396.00	2.58919e-19
7397.00	7.30616e-19
7398.00	1.58332e-18
7399.00	2.31747e-18
7400.00	1.78007e-18
7401.00	6.99607e-19
7402.00	5.87556e-19
7403.00	1.73712e-18
7404.00	1.93815e-18
7405.00	1.95167e-18
7406.00	1.86537e-18
7407.00	1.72732e-18
7408.00	1.33151e-18
7409.00	1.39204e-18
7410.00	1.68548e-18
7411.00	1.62142e-18
7412.00	2.28585e-18
7413.00	2.16222e-18
7414.00	1.25465e-18
7415.00	1.15304e-18
7416.00	1.31235e-18
7417.00	1.38958e-18
7418.00	1.21504e-18
7419.00	1.22522e-18
7420.00	1.45708e-18
7421.00	1.60255e-18
7422.00	1.30791e-18
7423.00	9.14221e-19
7424.00	8.0228e-19
7425.00	9.45507e-19
7426.00	1.10004e-18
7427.00	6.9566e-19
7428.00	4.6421e-19
7429.00	7.57546e-19
7430.00	1.67981e-18
7431.00	1.59888e-18
7432.00	1.16232e-18
7433.00	1.01042e-18
7434.00	1.02826e-18
7435.00	1.12193e-18
7436.00	1.34805e-18
7437.00	1.83521e-18
7438.00	2.16172e-18
7439.00	1.84606e-18
7440.00	1.18062e-18
7441.00	1.57044e-18
7442.00	1.63313e-18
7443.00	1.331e-18
7444.00	7.82461e-19
7445.00	9.09242e-19
7446.00	1.09178e-18
7447.00	9.60542e-19
7448.00	2.48728e-19
7449.00	1.30204e-18
7450.00	1.86459e-18
7451.00	1.74596e-18
7452.00	1.73829e-18
7453.00	1.3959e-18
7454.00	1.12929e-18
7455.00	1.11786e-18
7456.00	1.33245e-18
7457.00	1.26376e-18
7458.00	1.00642e-18
7459.00	7.35905e-19
7460.00	1.1486e-18
7461.00	1.57618e-18
7462.00	1.62284e-18
7463.00	8.6489e-19
7464.00	4.62856e-19
7465.00	3.29342e-19
7466.00	5.42347e-19
7467.00	1.32284e-18
7468.00	2.03945e-18
7469.00	2.29133e-18
7470.00	1.87682e-18
7471.00	1.12215e-18
7472.00	9.03166e-19
7473.00	9.47411e-19
7474.00	8.59313e-19
7475.00	1.18102e-18
7476.00	1.27524e-18
7477.00	1.31871e-18
7478.00	2.12708e-18
7479.00	1.56222e-18
7480.00	7.80921e-19
7481.00	4.22701e-19
7482.00	1.10508e-18
7483.00	1.18058e-18
7484.00	9.59505e-19
7485.00	8.08576e-19
7486.00	1.34739e-18
7487.00	9.61684e-19
7488.00	3.77411e-19
7489.00	1.03036e-18
7490.00	1.67363e-18
7491.00	2.00506e-18
7492.00	2.05205e-18
7493.00	2.46958e-18
7494.00	1.28688e-18
7495.00	3.176e-19
7496.00	5.55177e-19
7497.00	1.30472e-18
7498.00	1.52408e-18
7499.00	1.48941e-18
7500.00	1.60609e-18
7501.00	1.51475e-18
7502.00	7.42672e-19
7503.00	-3.66665e-20
7504.00	7.90149e-19
7505.00	1.05142e-18
7506.00	8.06107e-19
7507.00	3.28396e-19
7508.00	8.20124e-19
7509.00	1.33573e-18
7510.00	1.64753e-18
7511.00	1.65623e-18
7512.00	2.08301e-18
7513.00	1.69269e-18
7514.00	1.09482e-18
7515.00	1.4133e-18
7516.00	1.55881e-18
7517.00	1.47156e-18
7518.00	1.22303e-18
7519.00	1.11321e-18
7520.00	1.26725e-18
7521.00	1.21529e-18
7522.00	8.76238e-19
7523.00	1.36179e-18
7524.00	1.62656e-18
7525.00	1.47804e-18
7526.00	9.02189e-19
7527.00	1.75896e-18
7528.00	1.77304e-18
7529.00	1.00422e-18
7530.00	4.45337e-19
7531.00	1.01709e-18
7532.00	1.48883e-18
7533.00	1.38408e-18
7534.00	8.52924e-19
7535.00	1.0264e-18
7536.00	1.42338e-18
7537.00	1.63914e-18
7538.00	1.89675e-18
7539.00	1.09438e-18
7540.00	2.16976e-19
7541.00	8.29073e-19
7542.00	1.29626e-18
7543.00	1.16547e-18
7544.00	8.17005e-19
7545.00	1.86124e-18
7546.00	1.79937e-18
7547.00	1.38933e-18
7548.00	1.12045e-18
7549.00	1.40398e-18
7550.00	1.77758e-18
7551.00	1.80808e-18
7552.00	1.12685e-18
7553.00	1.54866e-19
7554.00	8.90625e-20
7555.00	5.69878e-19
7556.00	3.08405e-19
7557.00	1.29009e-18
7558.00	2.04352e-18
7559.00	2.00543e-18
7560.00	1.16003e-18
7561.00	1.56321e-18
7562.00	2.00865e-18
7563.00	1.64832e-18
7564.00	1.53651e-18
7565.00	1.12546e-18
7566.00	8.29589e-19
7567.00	1.27874e-18
7568.00	1.10689e-18
7569.00	1.1631e-18
7570.00	1.52124e-18
7571.00	1.87035e-18
7572.00	1.47708e-18
7573.00	8.74468e-19
7574.00	4.58342e-19
7575.00	6.64871e-19
7576.00	7.76607e-19
7577.00	9.91165e-19
7578.00	1.47771e-18
7579.00	8.80296e-19
7580.00	8.01873e-19
7581.00	1.23183e-18
7582.00	1.61883e-18
7583.00	9.0424e-19
7584.00	2.4492e-19
7585.00	3.04921e-20
7586.00	-1.86533e-19
7587.00	8.32705e-19
7588.00	1.82493e-18
7589.00	1.84513e-18
7590.00	1.11437e-18
7591.00	1.08281e-18
7592.00	1.51358e-18
7593.00	1.8057e-18
7594.00	1.89525e-18
7595.00	1.46047e-18
7596.00	9.92351e-19
7597.00	2.0507e-18
7598.00	1.89128e-18
7599.00	1.17042e-18
7600.00	4.82124e-19
7601.00	1.3584e-18
7602.00	4.50028e-19
7603.00	4.97914e-19
7604.00	5.45801e-19
7605.00	5.93687e-19
7606.00	6.41573e-19
7607.00	6.8946e-19
7608.00	7.37346e-19
7609.00	7.85232e-19
7610.00	8.33119e-19
7611.00	8.33119e-19
7612.00	1.89828e-18
7613.00	1.6477e-18
7614.00	1.37839e-18
7615.00	1.90073e-18
7616.00	2.11482e-18
7617.00	1.77058e-18
7618.00	1.3549e-18
7619.00	1.53184e-18
7620.00	1.45125e-18
7621.00	9.82821e-19
7622.00	5.7925e-19
7623.00	1.43937e-18
7624.00	2.61426e-18
7625.00	2.29532e-18
7626.00	2.11288e-19
7627.00	-3.66675e-19
7628.00	3.27814e-19
7629.00	1.49409e-18
7630.00	2.32427e-18
7631.00	2.67899e-18
7632.00	2.6134e-18
7633.00	2.01917e-18
7634.00	5.89218e-19
7635.00	6.9558e-19
7636.00	1.11126e-18
7637.00	1.22456e-18
7638.00	3.54048e-19
7639.00	6.38512e-19
7640.00	1.35002e-18
7641.00	1.90878e-18
7642.00	2.19395e-18
7643.00	1.42714e-18
7644.00	5.56367e-19
7645.00	8.5325e-19
7646.00	1.74523e-18
7647.00	1.60802e-18
7648.00	7.42893e-19
7649.00	9.71603e-19
7650.00	1.21393e-18
7651.00	1.43582e-18
7652.00	1.47153e-18
7653.00	7.98982e-19
7654.00	6.14275e-19
7655.00	8.94908e-19
7656.00	1.44374e-18
7657.00	9.98394e-19
7658.00	7.61257e-19
7659.00	7.26428e-19
7660.00	4.68291e-19
7661.00	1.10111e-18
7662.00	1.60614e-18
7663.00	1.58322e-18
7664.00	9.36901e-19
7665.00	6.25857e-19
7666.00	5.86124e-19
7667.00	7.42229e-19
7668.00	9.19611e-19
7669.00	8.19324e-19
7670.00	6.94654e-19
7671.00	8.90106e-19
7672.00	1.10709e-18
7673.00	1.05872e-18
7674.00	6.94337e-19
7675.00	-5.34308e-21
7676.00	8.6185e-20
7677.00	7.52105e-19
7678.00	1.60168e-18
7679.00	1.39549e-18
7680.00	9.87782e-19
7681.00	6.26361e-19
7682.00	4.82663e-19
7683.00	2.43821e-19
7684.00	4.51334e-19
7685.00	9.47356e-19
7686.00	1.36544e-18
7687.00	8.35198e-19
7688.00	6.84874e-19
7689.00	1.11456e-18
7690.00	1.3076e-18
7691.00	9.1328e-19
7692.00	8.92432e-19
7693.00	1.59558e-18
7694.00	1.05855e-18
7695.00	8.54618e-19
7696.00	7.97087e-19
7697.00	4.76173e-19
7698.00	-1.88227e-20
7699.00	1.19743e-19
7700.00	7.3855e-19
7701.00	1.06773e-18
7702.00	1.07876e-18
7703.00	1.13312e-18
7704.00	1.22812e-18
7705.00	5.46092e-19
7706.00	1.96505e-19
7707.00	3.14738e-19
7708.00	8.37098e-19
7709.00	2.33441e-19
7710.00	5.45888e-19
7711.00	1.37467e-18
7712.00	1.55473e-18
7713.00	1.54816e-18
7714.00	9.60411e-19
7715.00	3.79361e-19
7716.00	2.11784e-18
7717.00	1.48879e-18
7718.00	5.4413e-19
7719.00	5.38508e-19
7720.00	9.9716e-19
7721.00	9.87747e-19
7722.00	6.81902e-19
7723.00	4.27862e-19
7724.00	7.35593e-19
7725.00	1.12484e-18
7726.00	1.538e-18
7727.00	2.24844e-18
7728.00	1.7585e-18
7729.00	1.25102e-18
7730.00	1.22845e-18
7731.00	1.51996e-18
7732.00	1.70085e-18
7733.00	1.59059e-18
7734.00	1.12342e-18
7735.00	1.01361e-18
7736.00	7.58952e-19
7737.00	4.97509e-19
7738.00	5.5439e-19
7739.00	5.02554e-19
7740.00	8.43265e-19
7741.00	1.49393e-18
7742.00	1.90764e-18
7743.00	1.08551e-18
7744.00	4.09161e-19
7745.00	6.35854e-19
7746.00	8.42253e-19
7747.00	1.49647e-18
7748.00	2.18444e-18
7749.00	2.41068e-18
7750.00	2.17087e-18
7751.00	2.92544e-18
7752.00	2.80749e-18
7753.00	2.80749e-18
7754.00	2.18799e-18
7755.00	1.37516e-18
7756.00	5.49176e-19
7757.00	1.21416e-18
7758.00	2.04108e-18
7759.00	2.14282e-18
7760.00	1.0673e-18
7761.00	1.2447e-18
7762.00	1.29852e-18
7763.00	1.16373e-18
7764.00	1.03719e-18
7765.00	1.14346e-18
7766.00	1.25572e-18
7767.00	1.27325e-18
7768.00	1.11836e-18
7769.00	1.16804e-18
7770.00	7.45557e-19
7771.00	-2.01631e-19
7772.00	2.94151e-19
7773.00	1.01995e-18
7774.00	1.62303e-18
7775.00	1.82801e-18
7776.00	1.4767e-18
7777.00	1.00424e-18
7778.00	5.11303e-19
7779.00	-2.01341e-19
7780.00	8.94292e-19
7781.00	1.42038e-18
7782.00	8.24059e-19
7783.00	1.06105e-18
7784.00	9.46101e-19
7785.00	9.22002e-19
7786.00	1.26078e-18
7787.00	9.11022e-19
7788.00	7.03936e-19
7789.00	8.2386e-19
7790.00	1.34281e-18
7791.00	2.07655e-18
7792.00	2.82344e-18
7793.00	2.97512e-18
7794.00	1.03678e-18
7795.00	-1.5043e-19
7796.00	-2.07564e-19
7797.00	8.03978e-19
7798.00	1.09981e-18
7799.00	7.88181e-19
7800.00	4.13373e-19
7801.00	5.60249e-19
7802.00	1.2033e-18
7803.00	1.40345e-18
7804.00	1.15881e-18
7805.00	8.19095e-19
7806.00	1.60303e-18
7807.00	2.17974e-18
7808.00	2.16673e-18
7809.00	2.36139e-18
7810.00	1.87099e-18
7811.00	1.28503e-18
7812.00	1.10904e-18
7813.00	1.43395e-18
7814.00	1.52014e-18
7815.00	1.24478e-18
7816.00	6.00503e-19
7817.00	1.32892e-18
7818.00	1.37188e-18
7819.00	6.88799e-19
7820.00	8.41323e-19
7821.00	1.06194e-18
7822.00	7.87796e-19
7823.00	-2.80324e-20
7824.00	1.53258e-19
7825.00	5.33967e-19
7826.00	9.6579e-19
7827.00	1.31874e-18
7828.00	1.00447e-18
7829.00	7.07557e-19
7830.00	5.44245e-19
7831.00	3.90067e-19
7832.00	8.80338e-19
7833.00	1.01758e-18
7834.00	6.75368e-19
7835.00	9.45603e-19
7836.00	9.98121e-19
7837.00	8.60666e-19
7838.00	5.68602e-19
7839.00	2.78133e-20
7840.00	1.56199e-19
7841.00	8.55433e-19
7842.00	1.80069e-18
7843.00	1.58075e-18
7844.00	1.26677e-18
7845.00	1.17155e-18
7846.00	1.30445e-18
7847.00	1.1403e-18
7848.00	7.8194e-19
7849.00	5.05982e-19
7850.00	1.41255e-18
7851.00	2.3044e-18
7852.00	2.58808e-18
7853.00	1.8492e-18
7854.00	1.35826e-18
7855.00	1.32798e-18
7856.00	1.60877e-18
7857.00	1.84457e-18
7858.00	1.30259e-18
7859.00	1.01936e-18
7860.00	1.16794e-18
7861.00	8.67308e-19
7862.00	4.64776e-19
7863.00	6.61406e-19
7864.00	1.70586e-18
7865.00	1.51899e-18
7866.00	1.041e-18
7867.00	7.45543e-19
7868.00	1.0905e-18
7869.00	1.4679e-18
7870.00	1.62978e-18
7871.00	1.40293e-18
7872.00	5.19917e-19
7873.00	2.9701e-19
7874.00	5.12084e-19
7875.00	9.45655e-19
7876.00	9.64966e-19
7877.00	1.38934e-18
7878.00	1.89983e-18
7879.00	2.10322e-18
7880.00	1.71382e-18
7881.00	1.10868e-18
7882.00	7.81656e-19
7883.00	1.47952e-18
7884.00	1.82183e-18
7885.00	1.26735e-18
7886.00	6.53726e-20
7887.00	-2.21829e-19
7888.00	6.65492e-19
7889.00	1.55808e-18
7890.00	1.61667e-18
7891.00	1.16614e-18
7892.00	1.50369e-18
7893.00	1.81283e-18
7894.00	8.37184e-19
7895.00	4.65605e-19
7896.00	6.37066e-19
7897.00	1.07842e-18
7898.00	1.10833e-18
7899.00	8.89743e-19
7900.00	8.52523e-19
7901.00	1.12276e-18
7902.00	1.15474e-18
7903.00	9.71233e-19
7904.00	1.18567e-18
7905.00	2.23389e-18
7906.00	2.19498e-18
7907.00	1.32656e-18
7908.00	4.73406e-19
7909.00	1.01854e-18
7910.00	1.59444e-18
7911.00	1.57256e-18
7912.00	1.55069e-18
7913.00	1.55069e-18
7914.00	2.00096e-18
7915.00	2.39427e-18
7916.00	1.60201e-18
7917.00	1.60785e-18
7918.00	8.46659e-19
7919.00	1.58777e-19
7920.00	7.69293e-19
7921.00	2.81931e-20
7922.00	3.98637e-19
7923.00	1.38806e-18
7924.00	1.85385e-19
7925.00	4.12714e-19
7926.00	6.9576e-19
7927.00	7.02517e-19
7928.00	1.9206e-18
7929.00	2.00442e-18
7930.00	1.48958e-18
7931.00	1.07661e-18
7932.00	1.48248e-18
7933.00	1.60399e-18
7934.00	1.29775e-18
7935.00	6.77305e-19
7936.00	1.27463e-19
7937.00	3.11291e-19
7938.00	9.58559e-19
7939.00	2.64683e-19
7940.00	6.98093e-19
7941.00	1.04812e-18
7942.00	6.84159e-19
7943.00	1.14055e-18
7944.00	1.39053e-18
7945.00	1.0863e-18
7946.00	-7.31562e-21
7947.00	-2.82977e-19
7948.00	5.72542e-19
7949.00	1.78151e-18
7950.00	1.27744e-18
7951.00	1.45553e-18
7952.00	1.43208e-18
7953.00	9.82784e-19
7954.00	8.04639e-19
7955.00	3.90019e-19
7956.00	2.60301e-20
7957.00	-2.3208e-20
7958.00	-6.76577e-21
7959.00	4.08939e-21
7960.00	-2.8894e-22
7961.00	0E-21
7962.00	0E-21
7963.00	0E-21
7964.00	0E-21
7965.00	0E-21
7966.00	0E-21
7967.00	0E-21
7968.00	0E-21
7969.00	0E-21
7970.00	0E-21
7971.00	0E-21
7972.00	0E-21
7973.00	0E-21
7974.00	0E-21
7975.00	0E-21
7976.00	-9.76273e-23
7977.00	9.04036e-22
7978.00	1.78436e-21
7979.00	-6.73063e-22
7980.00	-8.30767e-20
7981.00	2.96323e-19
7982.00	9.84367e-19
7983.00	1.69488e-18
7984.00	1.10721e-18
7985.00	9.43061e-19
7986.00	1.23271e-18
7987.00	1.53173e-18
7988.00	1.7585e-18
7989.00	1.9792e-18
7990.00	2.00972e-18
7991.00	1.12424e-18
7992.00	1.45306e-18
7993.00	1.51923e-18
7994.00	6.81753e-19
7995.00	9.68743e-19
7996.00	1.42833e-18
7997.00	1.6997e-18
7998.00	1.49293e-18
7999.00	1.4239e-18
8000.00	1.20735e-18
8001.00	9.88955e-19
8002.00	1.22699e-18
8003.00	1.24386e-18
8004.00	1.28034e-18
8005.00	1.2854e-18
8006.00	6.40115e-19
8007.00	3.00002e-19
8008.00	4.92244e-19
8009.00	1.28214e-18
8010.00	1.79086e-18
8011.00	2.0798e-18
8012.00	2.17896e-18
8013.00	2.1533e-18
8014.00	1.82463e-18
8015.00	1.58205e-18
8016.00	1.56792e-18
8017.00	1.78588e-18
8018.00	1.92457e-18
8019.00	1.92599e-18
8020.00	1.72834e-18
8021.00	1.2053e-18
8022.00	8.04004e-19
8023.00	6.94137e-19
8024.00	1.00676e-18
8025.00	1.91402e-18
8026.00	2.36454e-18
8027.00	2.23608e-18
8028.00	1.86447e-18
8029.00	1.3251e-18
8030.00	5.83595e-19
8031.00	-1.13524e-19
8032.00	1.81549e-19
8033.00	3.6289e-19
8034.00	6.54459e-19
8035.00	1.21934e-18
8036.00	1.54764e-18
8037.00	1.72491e-18
8038.00	1.64429e-18
8039.00	1.13525e-18
8040.00	7.8096e-19
8041.00	7.05589e-19
8042.00	9.07722e-19
8043.00	1.25649e-18
8044.00	1.22436e-18
8045.00	1.2235e-18
8046.00	1.44006e-18
8047.00	1.49561e-18
8048.00	1.37127e-18
8049.00	1.26183e-18
8050.00	1.37258e-18
8051.00	1.46221e-18
8052.00	9.84145e-19
8053.00	4.55402e-19
8054.00	1.25613e-18
8055.00	1.42304e-18
8056.00	1.58567e-18
8057.00	1.7899e-18
8058.00	1.38941e-18
8059.00	8.86489e-19
8060.00	7.10829e-19
8061.00	1.11824e-18
8062.00	1.28155e-18
8063.00	1.67671e-18
8064.00	1.97801e-18
8065.00	1.64336e-18
8066.00	6.80645e-19
8067.00	5.40671e-19
8068.00	1.17055e-18
8069.00	1.11295e-18
8070.00	5.39498e-19
8071.00	5.01029e-19
8072.00	1.38091e-18
8073.00	1.7391e-18
8074.00	1.62581e-18
8075.00	1.32704e-18
8076.00	1.18366e-18
8077.00	1.70873e-18
8078.00	1.5589e-18
8079.00	9.58205e-19
8080.00	9.62736e-19
8081.00	9.13438e-19
8082.00	1.09758e-18
8083.00	1.50207e-18
8084.00	1.75407e-18
8085.00	1.6609e-18
8086.00	1.15351e-18
8087.00	3.68236e-19
8088.00	7.90083e-19
8089.00	1.29837e-18
8090.00	1.53765e-18
8091.00	1.25655e-18
8092.00	9.27746e-19
8093.00	4.80863e-19
8094.00	1.90836e-19
8095.00	8.17454e-19
8096.00	1.12857e-18
8097.00	1.02196e-18
8098.00	6.19338e-19
8099.00	1.03768e-18
8100.00	1.18772e-18
8101.00	1.10296e-18
8102.00	9.33996e-19
8103.00	1.08483e-18
8104.00	9.7399e-19
8105.00	8.52236e-19
8106.00	1.45866e-18
8107.00	1.95568e-18
8108.00	1.67949e-18
8109.00	8.33059e-19
8110.00	1.33706e-18
8111.00	1.28023e-18
8112.00	1.17325e-18
8113.00	1.41213e-18
8114.00	1.78151e-18
8115.00	1.62025e-18
8116.00	1.2037e-18
8117.00	1.05245e-18
8118.00	4.24501e-19
8119.00	7.03089e-19
8120.00	1.60323e-18
8121.00	1.25301e-18
8122.00	1.66238e-18
8123.00	1.65412e-18
8124.00	9.09728e-19
8125.00	1.04431e-18
8126.00	1.35206e-18
8127.00	1.46363e-18
8128.00	1.10033e-18
8129.00	1.0408e-18
8130.00	1.21637e-18
8131.00	1.5062e-18
8132.00	1.71531e-18
8133.00	1.66534e-18
8134.00	1.46132e-18
8135.00	1.23935e-18
8136.00	1.30016e-18
8137.00	1.39376e-18
8138.00	1.47465e-18
8139.00	1.45645e-18
8140.00	8.87337e-19
8141.00	7.47028e-19
8142.00	8.80737e-19
8143.00	8.9237e-19
8144.00	1.1412e-18
8145.00	1.27233e-18
8146.00	1.0755e-18
8147.00	1.78329e-19
8148.00	2.20876e-19
8149.00	6.81013e-19
8150.00	1.19163e-18
8151.00	1.28958e-18
8152.00	1.33693e-18
8153.00	1.43649e-18
8154.00	1.63852e-18
8155.00	1.542e-18
8156.00	1.30203e-18
8157.00	1.18258e-18
8158.00	1.66178e-18
8159.00	1.21164e-18
8160.00	6.46098e-19
8161.00	3.8155e-19
8162.00	8.31962e-19
8163.00	8.22526e-19
8164.00	7.74905e-19
8165.00	9.59609e-19
8166.00	9.76162e-19
8167.00	9.4794e-19
8168.00	8.63668e-19
8169.00	6.96582e-19
8170.00	9.42109e-19
8171.00	1.38445e-18
8172.00	1.66008e-18
8173.00	1.01415e-18
8174.00	5.46084e-19
8175.00	6.52823e-19
8176.00	1.25255e-18
8177.00	7.65933e-19
8178.00	4.38539e-19
8179.00	2.91991e-19
8180.00	2.82291e-19
8181.00	5.962e-19
8182.00	6.49767e-19
8183.00	6.33462e-19
8184.00	1.12017e-18
8185.00	1.16018e-18
8186.00	1.15854e-18
8187.00	1.09432e-18
8188.00	2.98308e-19
8189.00	8.28426e-19
8190.00	1.38915e-18
8191.00	1.2349e-18
8192.00	2.07533e-18
8193.00	1.85458e-18
8194.00	8.47633e-19
8195.00	-2.51517e-19
8196.00	-3.25902e-19
8197.00	5.03115e-19
8198.00	1.61131e-18
8199.00	1.68112e-18
8200.00	1.12602e-18
8201.00	9.75312e-19
8202.00	1.63548e-18
8203.00	2.42898e-18
8204.00	2.09099e-18
8205.00	1.08835e-18
8206.00	9.81769e-20
8207.00	8.28595e-19
8208.00	1.65493e-18
8209.00	2.10529e-18
8210.00	1.94249e-18
8211.00	1.61426e-18
8212.00	1.33209e-18
8213.00	1.19695e-18
8214.00	1.21074e-18
8215.00	8.59848e-19
8216.00	7.03694e-19
8217.00	1.00223e-18
8218.00	7.67576e-19
8219.00	8.5332e-19
8220.00	1.25851e-18
8221.00	1.83968e-18
8222.00	1.675e-18
8223.00	1.23001e-18
8224.00	7.64984e-19
8225.00	5.47876e-19
8226.00	6.96557e-19
8227.00	7.63975e-19
8228.00	6.12442e-19
8229.00	6.74318e-19
8230.00	8.4034e-19
8231.00	1.1478e-18
8232.00	1.55492e-18
8233.00	1.05685e-18
8234.00	1.30233e-18
8235.00	1.88973e-18
8236.00	1.66684e-18
8237.00	1.20505e-18
8238.00	8.79681e-19
8239.00	8.40954e-19
8240.00	9.94358e-19
8241.00	1.33128e-18
8242.00	1.5346e-18
8243.00	1.45071e-18
8244.00	1.57701e-18
8245.00	1.39291e-18
8246.00	1.1034e-18
8247.00	1.02371e-18
8248.00	1.33453e-18
8249.00	1.56202e-18
8250.00	1.36475e-18
8251.00	1.38647e-19
8252.00	1.78798e-19
8253.00	2.98485e-19
8254.00	2.07254e-19
8255.00	1.00575e-18
8256.00	1.33623e-18
8257.00	1.48198e-18
8258.00	1.74742e-18
8259.00	2.05492e-18
8260.00	1.86756e-18
8261.00	1.46489e-18
8262.00	1.44976e-18
8263.00	1.38623e-18
8264.00	1.09256e-18
8265.00	7.0012e-19
8266.00	8.34937e-19
8267.00	9.30158e-19
8268.00	1.0241e-18
8269.00	1.13892e-18
8270.00	1.34238e-18
8271.00	1.27534e-18
8272.00	1.00809e-18
8273.00	6.77112e-19
8274.00	3.45177e-19
8275.00	2.87253e-19
8276.00	5.26194e-19
8277.00	1.05497e-18
8278.00	6.6098e-19
8279.00	3.03423e-19
8280.00	3.98766e-19
8281.00	8.3393e-19
8282.00	9.21186e-19
8283.00	1.44295e-18
8284.00	2.83585e-18
8285.00	2.32121e-18
8286.00	1.37537e-18
8287.00	9.32169e-19
8288.00	2.09152e-18
8289.00	1.72814e-18
8290.00	1.22634e-18
8291.00	1.0957e-18
8292.00	1.4889e-18
8293.00	1.42163e-18
8294.00	1.35437e-18
8295.00	1.28711e-18
8296.00	1.21984e-18
8297.00	1.15258e-18
8298.00	1.08531e-18
8299.00	1.08531e-18
8300.00	7.25788e-19
8301.00	1.21635e-18
8302.00	1.92846e-18
8303.00	1.65351e-18
8304.00	2.00103e-18
8305.00	1.84475e-18
8306.00	1.05304e-18
8307.00	9.80756e-19
8308.00	1.23694e-18
8309.00	1.46423e-18
8310.00	1.39484e-18
8311.00	1.36882e-18
8312.00	1.40753e-18
8313.00	1.39323e-18
8314.00	1.11532e-18
8315.00	1.66313e-18
8316.00	1.85818e-18
8317.00	1.52214e-18
8318.00	1.26582e-18
8319.00	9.64606e-19
8320.00	9.35178e-19
8321.00	1.22684e-18
8322.00	9.83659e-19
8323.00	7.56645e-19
8324.00	5.53557e-19
8325.00	3.53491e-19
8326.00	8.31588e-19
8327.00	8.89999e-19
8328.00	6.80307e-19
8329.00	1.07772e-18
8330.00	1.30993e-18
8331.00	1.31321e-18
8332.00	1.19603e-18
8333.00	1.67926e-18
8334.00	1.41927e-18
8335.00	1.07559e-18
8336.00	1.22613e-18
8337.00	1.7282e-18
8338.00	2.13293e-18
8339.00	2.31642e-18
8340.00	2.25238e-18
8341.00	7.77305e-19
8342.00	7.31648e-19
8343.00	2.08608e-18
8344.00	2.16672e-18
8345.00	2.16352e-18
8346.00	1.9263e-18
8347.00	1.46704e-18
8348.00	1.17721e-18
8349.00	1.11066e-18
8350.00	8.34794e-19
8351.00	-4.75825e-20
8352.00	-2.2811e-20
8353.00	5.6549e-19
8354.00	1.27642e-18
8355.00	1.39854e-18
8356.00	1.31519e-18
8357.00	1.00808e-18
8358.00	6.52173e-19
8359.00	7.84665e-19
8360.00	1.25091e-18
8361.00	1.50724e-18
8362.00	1.14903e-18
8363.00	3.79849e-19
8364.00	6.44151e-19
8365.00	1.42064e-18
8366.00	1.6371e-18
8367.00	1.70956e-18
8368.00	1.10818e-18
8369.00	1.65904e-19
8370.00	7.0954e-20
8371.00	7.25368e-19
8372.00	1.431e-18
8373.00	1.69989e-18
8374.00	1.32876e-18
8375.00	1.06771e-18
8376.00	1.01648e-18
8377.00	1.19818e-18
8378.00	1.60491e-18
8379.00	1.55223e-18
8380.00	9.91895e-19
8381.00	2.43108e-20
8382.00	3.94051e-19
8383.00	1.03987e-18
8384.00	1.4105e-18
8385.00	1.09825e-18
8386.00	8.53678e-19
8387.00	7.50881e-19
8388.00	8.61118e-19
8389.00	1.36073e-18
8390.00	1.98615e-18
8391.00	2.30757e-18
8392.00	1.81383e-18
8393.00	1.15618e-18
8394.00	5.94456e-19
8395.00	2.70538e-19
8396.00	1.98766e-19
8397.00	6.97793e-19
8398.00	5.51616e-19
8399.00	-3.88109e-19
8400.00	7.32268e-19
8401.00	2.17283e-18
8402.00	2.5795e-18
8403.00	9.40859e-19
8404.00	1.17321e-18
8405.00	1.67463e-18
8406.00	1.92676e-18
8407.00	1.51297e-18
8408.00	1.17707e-18
8409.00	9.55201e-19
8410.00	9.84799e-19
8411.00	1.68277e-18
8412.00	1.49153e-18
8413.00	7.5172e-19
8414.00	-5.97509e-20
8415.00	5.19124e-19
8416.00	3.54689e-19
8417.00	2.80713e-19
8418.00	1.79959e-18
8419.00	1.73581e-18
8420.00	9.84023e-19
8421.00	2.42803e-19
8422.00	6.8697e-19
8423.00	1.2045e-18
8424.00	1.67052e-18
8425.00	1.92096e-18
8426.00	1.77754e-18
8427.00	1.09189e-18
8428.00	1.04729e-18
8429.00	2.62931e-18
8430.00	2.90293e-18
8431.00	1.96772e-18
8432.00	1.024e-18
8433.00	2.3961e-18
8434.00	1.83909e-18
8435.00	1.3907e-18
8436.00	1.50384e-18
8437.00	1.13812e-18
8438.00	1.53257e-18
8439.00	1.8426e-18
8440.00	1.53822e-18
8441.00	1.55465e-18
8442.00	1.56836e-18
8443.00	1.50535e-18
8444.00	1.31613e-18
8445.00	1.17457e-18
8446.00	1.26085e-18
8447.00	1.30216e-18
8448.00	3.50642e-19
8449.00	5.93823e-19
8450.00	1.54377e-18
8451.00	2.62921e-18
8452.00	2.3333e-18
8453.00	1.62545e-18
8454.00	1.17969e-18
8455.00	1.48785e-18
8456.00	9.75545e-19
8457.00	7.91393e-19
8458.00	1.04033e-18
8459.00	1.55801e-18
8460.00	1.64998e-18
8461.00	1.24123e-18
8462.00	5.71247e-19
8463.00	5.14956e-19
8464.00	8.86735e-19
8465.00	1.20215e-18
8466.00	1.17084e-18
8467.00	1.43354e-18
8468.00	9.84501e-19
8469.00	3.40923e-19
8470.00	3.08876e-19
8471.00	3.52232e-19
8472.00	6.13237e-19
8473.00	9.42371e-19
8474.00	9.0828e-19
8475.00	1.13463e-18
8476.00	1.60781e-18
8477.00	2.15213e-18
8478.00	1.93418e-18
8479.00	1.86968e-18
8480.00	1.82467e-18
8481.00	1.61911e-18
8482.00	1.23484e-18
8483.00	1.01734e-18
8484.00	9.53464e-19
8485.00	8.78488e-19
8486.00	1.10554e-18
8487.00	1.47961e-18
8488.00	1.71214e-18
8489.00	1.05481e-18
8490.00	6.21691e-19
8491.00	8.34929e-19
8492.00	1.78975e-18
8493.00	2.18611e-18
8494.00	2.03632e-18
8495.00	1.48571e-18
8496.00	7.49049e-19
8497.00	3.42732e-19
8498.00	3.84009e-19
8499.00	7.25766e-19
8500.00	9.58864e-19
8501.00	1.03158e-18
8502.00	1.26366e-18
8503.00	1.63829e-18
8504.00	1.36268e-18
8505.00	9.85606e-19
8506.00	7.58828e-19
8507.00	8.37803e-19
8508.00	6.35236e-19
8509.00	1.10303e-19
8510.00	-2.23598e-19
8511.00	4.76656e-19
8512.00	1.78516e-18
8513.00	2.1519e-18
8514.00	1.57518e-18
8515.00	2.02082e-18
8516.00	2.35531e-18
8517.00	2.27889e-18
8518.00	1.70174e-18
8519.00	1.35463e-18
8520.00	1.57804e-18
8521.00	1.92398e-18
8522.00	1.80177e-18
8523.00	1.58057e-18
8524.00	1.3185e-18
8525.00	1.17004e-18
8526.00	1.43268e-18
8527.00	1.56589e-18
8528.00	1.39884e-18
8529.00	9.8416e-19
8530.00	1.03879e-18
8531.00	7.57037e-19
8532.00	4.95516e-19
8533.00	5.89206e-19
8534.00	7.32224e-19
8535.00	1.02836e-18
8536.00	1.18797e-18
8537.00	7.02836e-19
8538.00	1.01642e-18
8539.00	1.16878e-18
8540.00	9.28306e-19
8541.00	5.15676e-19
8542.00	5.99996e-19
8543.00	1.05595e-18
8544.00	1.65433e-18
8545.00	1.66733e-18
8546.00	7.10177e-19
8547.00	-4.8773e-20
8548.00	7.59593e-19
8549.00	1.62757e-18
8550.00	1.9049e-18
8551.00	1.44662e-18
8552.00	2.31825e-19
8553.00	5.64764e-19
8554.00	1.31354e-18
8555.00	1.89797e-18
8556.00	2.18279e-18
8557.00	1.32856e-18
8558.00	2.10463e-19
8559.00	-3.02716e-19
8560.00	2.345e-19
8561.00	7.16859e-19
8562.00	1.0194e-18
8563.00	1.28403e-18
8564.00	1.54931e-18
8565.00	1.51091e-18
8566.00	1.20272e-18
8567.00	1.01988e-18
8568.00	9.60903e-19
8569.00	7.05531e-19
8570.00	1.65783e-19
8571.00	4.57474e-20
8572.00	1.70661e-19
8573.00	3.88414e-19
8574.00	5.39729e-19
8575.00	6.53388e-19
8576.00	8.61035e-19
8577.00	9.70525e-19
8578.00	4.64897e-19
8579.00	1.97922e-19
8580.00	2.82363e-19
8581.00	7.25074e-19
8582.00	1.24736e-18
8583.00	1.40691e-18
8584.00	1.26289e-18
8585.00	9.61824e-19
8586.00	1.21405e-18
8587.00	1.33733e-18
8588.00	1.39029e-18
8589.00	1.64686e-18
8590.00	1.37485e-18
8591.00	1.31722e-18
8592.00	1.47698e-18
8593.00	1.10667e-18
8594.00	1.16793e-18
8595.00	1.25913e-18
8596.00	1.08862e-18
8597.00	2.83705e-19
8598.00	5.68432e-19
8599.00	1.29392e-18
8600.00	1.52106e-18
8601.00	8.82943e-19
8602.00	8.90659e-19
8603.00	1.51794e-18
8604.00	2.00753e-18
8605.00	1.66095e-18
8606.00	1.41526e-18
8607.00	1.54242e-18
8608.00	1.41351e-18
8609.00	1.3799e-18
8610.00	9.7752e-19
8611.00	7.15333e-20
8612.00	1.17786e-18
8613.00	1.56829e-18
8614.00	1.10446e-18
8615.00	2.11298e-19
8616.00	6.71199e-19
8617.00	1.45432e-18
8618.00	1.82128e-18
8619.00	4.73466e-19
8620.00	7.19688e-19
8621.00	1.23476e-18
8622.00	1.18041e-18
8623.00	2.59525e-19
8624.00	-1.53515e-19
8625.00	-2.27798e-20
8626.00	4.93786e-19
8627.00	5.23003e-19
8628.00	7.81733e-19
8629.00	1.35182e-18
8630.00	2.23037e-18
8631.00	1.58132e-18
8632.00	8.391e-19
8633.00	7.15502e-19
8634.00	1.65059e-18
8635.00	1.44269e-18
8636.00	7.28448e-19
8637.00	2.55888e-19
8638.00	1.43808e-18
8639.00	2.1888e-18
8640.00	2.53359e-18
8641.00	3.02884e-18
8642.00	1.39128e-18
8643.00	7.32188e-19
8644.00	1.39524e-18
8645.00	1.70073e-18
8646.00	8.12864e-19
8647.00	3.59304e-19
8648.00	1.00386e-18
8649.00	9.09899e-19
8650.00	1.2143e-18
8651.00	1.70127e-18
8652.00	2.07879e-18
8653.00	3.23532e-18
8654.00	2.72858e-18
8655.00	1.27963e-18
8656.00	1.2705e-18
8657.00	2.2716e-18
8658.00	2.99104e-18
8659.00	3.01135e-18
8660.00	3.26576e-18
8661.00	2.27028e-18
8662.00	8.13296e-19
8663.00	-3.14641e-19
8664.00	-2.03348e-19
8665.00	-1.47702e-19
8666.00	-1.21381e-19
8667.00	1.85919e-19
8668.00	1.03997e-18
8669.00	1.75837e-18
8670.00	1.95086e-18
8671.00	1.1557e-18
8672.00	7.68947e-19
8673.00	5.82847e-19
8674.00	5.40857e-19
8675.00	7.62776e-19
8676.00	1.35114e-18
8677.00	1.52569e-18
8678.00	6.22042e-19
8679.00	1.21527e-18
8680.00	1.48897e-18
8681.00	1.29516e-18
8682.00	1.03661e-18
8683.00	1.16172e-18
8684.00	8.79534e-19
8685.00	2.28823e-19
8686.00	4.57044e-19
8687.00	1.08181e-18
8688.00	1.36136e-18
8689.00	9.02515e-19
8690.00	1.22863e-18
8691.00	1.25013e-18
8692.00	1.10672e-18
8693.00	1.17924e-18
8694.00	1.40982e-18
8695.00	1.65288e-18
8696.00	1.53563e-18
8697.00	1.16412e-19
8698.00	-1.90314e-19
8699.00	1.40105e-19
8700.00	6.53643e-19
8701.00	1.62209e-19
8702.00	3.48382e-19
8703.00	6.87508e-19
8704.00	5.94351e-19
8705.00	1.30338e-18
8706.00	1.77873e-18
8707.00	1.63244e-18
8708.00	4.81767e-19
8709.00	1.91034e-19
8710.00	1.86789e-19
8711.00	3.68159e-19
8712.00	1.00411e-18
8713.00	1.93498e-18
8714.00	1.83661e-18
8715.00	1.32807e-19
8716.00	1.02212e-20
8717.00	1.77468e-20
8718.00	1.47258e-19
8719.00	6.02308e-19
8720.00	8.73613e-19
8721.00	1.37894e-18
8722.00	1.88668e-18
8723.00	1.57849e-18
8724.00	1.10543e-18
8725.00	5.45818e-19
8726.00	4.91634e-20
8727.00	-6.56837e-20
8728.00	-6.63073e-20
8729.00	2.15357e-19
8730.00	8.81571e-19
8731.00	8.20493e-19
8732.00	8.66628e-19
8733.00	1.05791e-18
8734.00	1.18537e-18
8735.00	1.06357e-18
8736.00	1.12859e-18
8737.00	1.34802e-18
8738.00	9.73362e-19
8739.00	1.01601e-18
8740.00	1.45858e-18
8741.00	2.14764e-18
8742.00	2.27121e-18
8743.00	1.63763e-18
8744.00	9.27281e-19
8745.00	1.03919e-18
8746.00	2.20746e-18
8747.00	2.5589e-18
8748.00	1.93393e-18
8749.00	1.19629e-18
8750.00	1.57278e-18
8751.00	1.7793e-18
8752.00	1.25276e-18
8753.00	4.61127e-19
8754.00	4.62418e-19
8755.00	7.76288e-19
8756.00	9.03421e-19
8757.00	1.46273e-18
8758.00	1.92202e-18
8759.00	1.96585e-18
8760.00	1.2196e-18
8761.00	7.28068e-19
8762.00	4.12824e-19
8763.00	4.03099e-19
8764.00	1.14669e-18
8765.00	1.27533e-18
8766.00	1.49774e-18
8767.00	1.9493e-18
8768.00	-2.31206e-19
8769.00	-4.27743e-19
8770.00	5.15592e-19
8771.00	8.08881e-19
8772.00	3.36063e-19
8773.00	9.74047e-19
8774.00	2.28742e-18
8775.00	2.15178e-18
8776.00	7.03808e-19
8777.00	-3.06133e-19
8778.00	-2.85436e-19
8779.00	-8.60543e-20
8780.00	1.13327e-19
8781.00	1.13327e-19
8782.00	9.51433e-19
8783.00	1.21477e-18
8784.00	1.06876e-18
8785.00	7.49174e-19
8786.00	6.01111e-19
8787.00	2.2437e-19
8788.00	-3.19982e-20
8789.00	-5.8552e-20
8790.00	8.73182e-21
8791.00	7.07571e-19
8792.00	1.36044e-18
8793.00	1.48767e-18
8794.00	1.18377e-18
8795.00	7.08441e-19
8796.00	2.95691e-19
8797.00	1.82266e-19
8798.00	7.56525e-19
8799.00	8.85659e-19
8800.00	6.86052e-19
8801.00	1.1205e-18
8802.00	1.92247e-18
8803.00	1.91699e-18
8804.00	8.60569e-19
8805.00	3.05937e-19
8806.00	5.34383e-19
8807.00	1.0921e-18
8808.00	1.50079e-18
8809.00	1.54541e-18
8810.00	9.66551e-19
8811.00	1.48863e-19
8812.00	-2.865e-19
8813.00	8.94316e-19
8814.00	1.63937e-18
8815.00	1.37399e-18
8816.00	6.03033e-19
8817.00	8.56507e-19
8818.00	1.29496e-18
8819.00	1.37733e-18
8820.00	1.2389e-18
8821.00	2.10472e-18
8822.00	2.44831e-18
8823.00	4.29149e-19
8824.00	9.78205e-20
8825.00	2.01921e-18
8826.00	1.99703e-18
8827.00	1.97486e-18
8828.00	1.97486e-18
8829.00	2.92345e-19
8830.00	-2.1587e-19
8831.00	5.12086e-19
8832.00	1.58298e-18
8833.00	2.41466e-18
8834.00	2.54049e-18
8835.00	2.14009e-18
8836.00	1.64171e-18
8837.00	1.15784e-18
8838.00	7.18973e-19
8839.00	-5.3945e-20
8840.00	-1.53597e-19
8841.00	3.99643e-19
8842.00	5.58183e-19
8843.00	1.71486e-20
8844.00	-4.56232e-20
8845.00	8.6776e-19
8846.00	1.06334e-18
8847.00	5.57927e-19
8848.00	-1.8939e-20
8849.00	5.13042e-20
8850.00	-6.03653e-20
8851.00	3.34874e-19
8852.00	1.05088e-18
8853.00	1.41489e-18
8854.00	1.36958e-18
8855.00	9.40189e-19
8856.00	3.11331e-19
8857.00	2.10584e-20
8858.00	5.54193e-19
8859.00	1.1345e-18
8860.00	1.13194e-18
8861.00	1.3278e-18
8862.00	1.44912e-18
8863.00	1.36684e-18
8864.00	9.11513e-19
8865.00	1.45354e-18
8866.00	1.56624e-18
8867.00	1.15388e-18
8868.00	1.32525e-18
8869.00	1.47147e-18
8870.00	1.61709e-18
8871.00	1.70671e-18
8872.00	1.36546e-18
8873.00	1.30238e-18
8874.00	1.21027e-18
8875.00	7.06721e-19
8876.00	9.95325e-19
8877.00	1.15041e-18
8878.00	9.20355e-19
8879.00	1.26583e-19
8880.00	3.08381e-19
8881.00	9.09289e-19
8882.00	1.39919e-18
8883.00	4.85006e-19
8884.00	5.22184e-19
8885.00	1.15259e-18
8886.00	1.87586e-18
8887.00	1.60553e-18
8888.00	1.56421e-18
8889.00	1.67099e-18
8890.00	1.51677e-18
8891.00	1.01536e-18
8892.00	6.16488e-19
8893.00	4.72677e-19
8894.00	5.76691e-19
8895.00	4.03354e-19
8896.00	4.57478e-19
8897.00	9.2399e-19
8898.00	1.2078e-18
8899.00	6.16345e-19
8900.00	3.00202e-20
8901.00	4.39558e-19
8902.00	7.0681e-19
8903.00	2.34425e-19
8904.00	-5.14926e-19
8905.00	-3.23268e-19
8906.00	5.18098e-19
8907.00	9.60073e-19
8908.00	5.75783e-19
8909.00	-3.79087e-19
8910.00	-4.1139e-19
8911.00	-2.45221e-21
8912.00	3.27812e-19
8913.00	-4.54621e-20
8914.00	-2.25064e-19
8915.00	-1.55828e-19
8916.00	1.12682e-20
8917.00	9.83952e-19
8918.00	2.42527e-18
8919.00	3.81915e-18
8920.00	4.15749e-18
8921.00	4.25831e-18
8922.00	3.70064e-18
8923.00	2.5042e-18
8924.00	1.99985e-18
8925.00	1.3501e-18
8926.00	5.95322e-19
8927.00	-5.77182e-20
8928.00	1.43057e-18
8929.00	2.13281e-18
8930.00	1.66074e-18
8931.00	4.22229e-19
8932.00	1.29155e-18
8933.00	1.44059e-18
8934.00	2.62661e-19
8935.00	-1.6797e-19
8936.00	2.49186e-19
8937.00	1.09614e-18
8938.00	1.86325e-18
8939.00	1.34186e-18
8940.00	7.62824e-19
8941.00	2.82836e-19
8942.00	-1.55297e-19
8943.00	-2.26116e-19
8944.00	-1.67451e-19
8945.00	5.01388e-20
8946.00	8.08323e-19
8947.00	6.83164e-19
8948.00	6.96734e-19
8949.00	1.27563e-18
8950.00	1.64293e-18
8951.00	1.31551e-18
8952.00	8.3321e-19
8953.00	8.55605e-19
8954.00	2.34321e-18
8955.00	2.60078e-18
8956.00	1.68515e-18
8957.00	8.63866e-19
8958.00	-8.7599e-20
8959.00	3.29884e-19
8960.00	2.03223e-18
8961.00	2.49568e-18
8962.00	2.23874e-18
8963.00	1.93445e-18
8964.00	2.00357e-18
8965.00	1.48004e-18
8966.00	8.84142e-19
8967.00	6.31563e-19
8968.00	1.18022e-18
8969.00	9.63086e-19
8970.00	5.51552e-19
8971.00	2.95024e-19
8972.00	7.62924e-19
8973.00	6.90836e-19
8974.00	4.58029e-19
8975.00	3.38658e-19
8976.00	6.39729e-19
8977.00	1.51712e-18
8978.00	2.20262e-18
8979.00	1.92209e-18
8980.00	8.5552e-19
8981.00	6.54581e-19
8982.00	9.65456e-19
8983.00	3.64299e-19
8984.00	5.26122e-19
8985.00	1.21361e-18
8986.00	1.99476e-18
8987.00	1.56773e-18
8988.00	1.54645e-18
8989.00	1.4582e-18
8990.00	1.08907e-18
8991.00	1.82832e-18
8992.00	1.49103e-18
8993.00	7.33959e-19
8994.00	8.22277e-19
8995.00	2.41457e-19
8996.00	4.98409e-19
8997.00	1.39627e-18
8998.00	1.55949e-18
8999.00	1.09245e-19
9000.00	-5.62106e-19
9001.00	6.56291e-19
9002.00	2.53874e-18
9003.00	3.68365e-18
9004.00	4.88077e-18
9005.00	6.95015e-18
9006.00	8.94667e-18
9007.00	8.98258e-18
9008.00	7.31352e-18
9009.00	5.09373e-18
9010.00	3.28214e-18
9011.00	1.7843e-18
9012.00	8.33154e-19
9013.00	1.15647e-18
9014.00	1.59918e-18
9015.00	1.73182e-18
9016.00	1.32602e-18
9017.00	1.06087e-18
9018.00	8.38749e-19
9019.00	6.17579e-19
9020.00	3.47612e-19
9021.00	1.23171e-19
9022.00	8.04876e-19
9023.00	1.69546e-18
9024.00	3.59872e-19
9025.00	5.11977e-19
9026.00	6.29421e-19
9027.00	2.29952e-19
9028.00	5.13247e-19
9029.00	9.70809e-19
9030.00	1.31492e-18
9031.00	1.31038e-18
9032.00	1.21902e-18
9033.00	9.3102e-19
9034.00	5.21058e-19
9035.00	4.2625e-20
9036.00	1.23406e-18
9037.00	1.97175e-18
9038.00	1.52543e-18
9039.00	8.44871e-20
9040.00	1.07909e-19
9041.00	7.37018e-19
9042.00	1.23368e-18
9043.00	1.02069e-18
9044.00	7.14693e-19
9045.00	7.64328e-19
9046.00	1.59849e-18
9047.00	1.54074e-18
9048.00	1.53765e-18
9049.00	1.57516e-18
9050.00	1.03781e-18
9051.00	4.66431e-19
9052.00	7.53701e-19
9053.00	1.84191e-18
9054.00	1.25057e-18
9055.00	5.75399e-19
9056.00	4.39398e-19
9057.00	1.20484e-18
9058.00	1.1578e-18
9059.00	6.24285e-19
9060.00	3.14022e-19
9061.00	1.39819e-18
9062.00	1.56914e-18
9063.00	8.67115e-19
9064.00	1.47915e-20
9065.00	1.54361e-18
9066.00	1.91862e-18
9067.00	1.60452e-18
9068.00	1.13138e-18
9069.00	1.91322e-18
9070.00	1.91468e-18
9071.00	1.36436e-18
9072.00	8.61564e-19
9073.00	1.06222e-18
9074.00	1.17624e-18
9075.00	1.08179e-18
9076.00	1.06808e-18
9077.00	3.09374e-19
9078.00	4.99856e-20
9079.00	6.34655e-19
9080.00	7.47513e-19
9081.00	1.13408e-18
9082.00	1.28608e-18
9083.00	7.65376e-19
9084.00	3.96977e-20
9085.00	8.66862e-19
9086.00	2.09659e-18
9087.00	1.27657e-18
9088.00	9.05672e-19
9089.00	3.22152e-19
9090.00	-3.52089e-19
9091.00	-2.34583e-19
9092.00	-3.07305e-19
9093.00	-3.88799e-19
9094.00	-2.47807e-19
9095.00	8.36646e-19
9096.00	1.81626e-18
9097.00	2.36166e-18
9098.00	2.24977e-18
9099.00	1.71206e-18
9100.00	1.2025e-18
9101.00	9.91227e-19
9102.00	1.38149e-18
9103.00	1.58899e-18
9104.00	1.29571e-18
9105.00	5.37899e-19
9106.00	2.25831e-19
9107.00	2.56829e-19
9108.00	3.76434e-19
9109.00	3.61121e-19
9110.00	3.45572e-19
9111.00	2.00234e-19
9112.00	4.12263e-20
9113.00	8.63749e-20
9114.00	1.76193e-20
9115.00	2.46013e-19
9116.00	6.79343e-19
9117.00	6.05499e-19
9118.00	7.48952e-19
9119.00	9.96902e-19
9120.00	1.14163e-18
9121.00	2.71455e-19
9122.00	5.95321e-20
9123.00	3.67171e-19
9124.00	8.01878e-19
9125.00	1.21493e-18
9126.00	1.75206e-18
9127.00	2.04102e-18
9128.00	1.11675e-18
9129.00	1.01165e-18
9130.00	1.22159e-18
9131.00	1.3375e-18
9132.00	2.38206e-19
9133.00	8.12746e-19
9134.00	1.63486e-18
9135.00	1.4375e-18
9136.00	1.33986e-18
9137.00	1.35329e-18
9138.00	1.30391e-18
9139.00	8.94373e-19
9140.00	2.60245e-19
9141.00	1.58727e-19
9142.00	8.62466e-19
9143.00	2.54947e-18
9144.00	2.45318e-18
9145.00	1.83842e-18
9146.00	1.58721e-18
9147.00	2.19227e-18
9148.00	1.61203e-18
9149.00	5.84547e-19
9150.00	1.97269e-19
9151.00	4.33417e-19
9152.00	7.57859e-19
9153.00	9.74784e-19
9154.00	1.05014e-18
9155.00	6.22079e-19
9156.00	9.22424e-20
9157.00	4.76682e-20
9158.00	2.20912e-18
9159.00	2.74077e-18
9160.00	1.97997e-18
9161.00	5.5324e-19
9162.00	1.37753e-19
9163.00	5.05944e-19
9164.00	1.36441e-18
9165.00	2.34125e-18
9166.00	1.88881e-18
9167.00	1.47856e-18
9168.00	1.39842e-18
9169.00	1.04765e-18
9170.00	7.41382e-19
9171.00	5.24378e-19
9172.00	4.69266e-19
9173.00	8.06211e-19
9174.00	1.01371e-18
9175.00	1.02745e-18
9176.00	8.52935e-19
9177.00	8.26144e-19
9178.00	6.87548e-19
9179.00	4.25705e-19
9180.00	1.01614e-19
9181.00	2.27586e-20
9182.00	1.27337e-19
9183.00	4.47523e-19
9184.00	1.23835e-18
9185.00	1.67665e-18
9186.00	1.50991e-18
9187.00	7.42293e-19
9188.00	1.04356e-18
9189.00	1.34758e-18
9190.00	1.11748e-18
9191.00	-2.2057e-19
9192.00	3.81572e-19
9193.00	1.41208e-18
9194.00	2.10435e-18
9195.00	1.60907e-18
9196.00	1.51578e-18
9197.00	1.17156e-18
9198.00	5.19221e-19
9199.00	1.40566e-18
9200.00	1.05101e-18
9201.00	3.25632e-19
9202.00	4.04444e-19
9203.00	4.35334e-19
9204.00	3.79629e-19
9205.00	5.14296e-19
9206.00	1.50677e-18
9207.00	1.90469e-18
9208.00	2.0051e-18
9209.00	2.0106e-18
9210.00	2.46455e-18
9211.00	2.01507e-18
9212.00	1.10837e-18
9213.00	2.33704e-19
9214.00	5.11754e-20
9215.00	8.38336e-20
9216.00	3.70824e-19
9217.00	1.07769e-18
9218.00	1.04804e-18
9219.00	4.11652e-19
9220.00	-2.79105e-19
9221.00	2.5221e-19
9222.00	1.70402e-18
9223.00	2.82131e-18
9224.00	2.88744e-18
9225.00	2.46304e-18
9226.00	1.07452e-18
9227.00	1.55969e-19
9228.00	1.14688e-18
9229.00	2.48378e-18
9230.00	3.15114e-18
9231.00	2.97652e-18
9232.00	2.19313e-18
9233.00	1.11796e-18
9234.00	3.70881e-19
9235.00	4.41729e-19
9236.00	2.1296e-18
9237.00	2.42995e-18
9238.00	2.00377e-18
9239.00	1.47936e-18
9240.00	1.17377e-18
9241.00	5.73865e-19
9242.00	2.34926e-19
9243.00	9.96495e-19
9244.00	1.99236e-18
9245.00	2.05886e-18
9246.00	1.26981e-18
9247.00	7.71137e-19
9248.00	1.00941e-18
9249.00	1.30317e-18
9250.00	1.26398e-18
9251.00	9.88799e-19
9252.00	6.44122e-19
9253.00	5.74488e-19
9254.00	1.07755e-18
9255.00	1.71445e-18
9256.00	1.49462e-18
9257.00	8.9121e-19
9258.00	1.1907e-18
9259.00	1.85992e-18
9260.00	1.95538e-18
9261.00	1.42321e-18
9262.00	1.68753e-18
9263.00	1.15895e-18
9264.00	6.30821e-19
9265.00	6.84674e-19
9266.00	7.84176e-19
9267.00	1.46087e-18
9268.00	2.22199e-18
9269.00	2.33269e-18
9270.00	2.86365e-18
9271.00	2.17471e-18
9272.00	7.73546e-19
9273.00	1.15723e-18
9274.00	9.82616e-19
9275.00	9.64308e-19
9276.00	1.18475e-18
9277.00	3.08755e-19
9278.00	-1.31733e-19
9279.00	-1.76599e-20
9280.00	6.01022e-19
9281.00	9.04477e-19
9282.00	1.76479e-18
9283.00	2.54308e-18
9284.00	1.80668e-18
9285.00	5.87458e-19
9286.00	8.21656e-19
9287.00	2.32053e-18
9288.00	1.61098e-18
9289.00	3.6023e-19
9290.00	-6.35184e-19
9291.00	-6.17202e-19
9292.00	1.73562e-18
9293.00	2.24172e-18
9294.00	1.54088e-18
9295.00	1.25181e-18
9296.00	1.43421e-18
9297.00	1.50594e-18
9298.00	1.2749e-18
9299.00	5.46978e-19
9300.00	1.43121e-18
9301.00	1.54857e-18
9302.00	3.75687e-19
9303.00	1.24481e-18
9304.00	1.17348e-18
9305.00	1.10215e-18
9306.00	1.03082e-18
9307.00	9.59487e-19
9308.00	8.88156e-19
9309.00	8.16826e-19
9310.00	7.45496e-19
9311.00	6.74166e-19
9312.00	6.02836e-19
9313.00	5.31505e-19
9314.00	4.60175e-19
9315.00	4.60175e-19
9316.00	-1.38007e-19
9317.00	7.97757e-19
9318.00	2.56616e-18
9319.00	1.25736e-18
9320.00	-6.95272e-19
9321.00	4.3139e-19
9322.00	3.32456e-18
9323.00	4.14153e-18
9324.00	2.44693e-18
9325.00	-2.35601e-19
9326.00	-5.8863e-19
9327.00	-3.59003e-20
9328.00	7.57201e-19
9329.00	2.17988e-18
9330.00	1.81607e-18
9331.00	6.91026e-19
9332.00	-6.06373e-21
9333.00	1.68094e-20
9334.00	1.79309e-18
9335.00	3.42862e-18
9336.00	1.25561e-18
9337.00	1.76894e-18
9338.00	2.48472e-18
9339.00	2.44925e-18
9340.00	1.01167e-18
9341.00	1.08417e-18
9342.00	1.67809e-18
9343.00	2.00516e-18
9344.00	1.81988e-18
9345.00	2.56511e-19
9346.00	-6.50953e-19
9347.00	1.61348e-18
9348.00	2.15443e-18
9349.00	2.28962e-18
9350.00	2.8652e-18
9351.00	3.0923e-18
9352.00	3.31941e-18
9353.00	3.31941e-18
9354.00	9.85086e-19
9355.00	9.4665e-19
9356.00	8.11365e-19
9357.00	6.15608e-19
9358.00	4.94178e-19
9359.00	-3.67009e-20
9360.00	1.65758e-18
9361.00	4.0909e-18
9362.00	4.07647e-18
9363.00	2.5965e-18
9364.00	1.85819e-18
9365.00	2.12916e-18
9366.00	1.32291e-18
9367.00	6.09544e-19
9368.00	1.06933e-18
9369.00	2.95114e-18
9370.00	2.90638e-18
9371.00	2.36272e-18
9372.00	1.81907e-18
9373.00	1.81907e-18
9374.00	-1.80697e-19
9375.00	-1.63609e-20
9376.00	1.8294e-18
9377.00	2.89766e-18
9378.00	2.88415e-18
9379.00	2.83025e-18
9380.00	2.84533e-18
